2734 4990
519 319 774 394 saianomama
816 296 819 304 ’
1080 297 1082 300 ’
1141 306 1215 380 409
1246 317 1251 332 ·

113 460 172 522 dia
197 461 314 527 advivo
333 462 410 522 mibi
429 469 589 543 praestare
606 464 657 524 vel
679 463 822 522 relaxare
843 463 1013 531 deberetis.
1054 465 1149 544 Quod
1171 466 1217 527 ita

113 555 146 604 et
168 545 298 604 fecistis.
338 547 509 623 Propterea
530 542 817 623 liancprccariam
846 568 942 606 manu
959 570 1028 606 mea
1048 549 1217 608 valbono-

113 647 191 686 rum
217 627 378 686 hominurn
398 628 552 686 firmatam
581 627 669 687 vobis
696 628 813 688 exinde
841 629 1029 702 emisimus,
1059 639 1092 688 ut
1120 633 1214 692 annis

115 709 251 790 singulis
272 731 403 770 censum
430 708 635 770 denariorum
658 718 705 768 tot
733 711 771 768 ad
802 709 971 770 luminaria
996 712 1105 772 Sancti
1127 712 1216 774 illias

118 801 151 851 et
179 792 331 852 decimam
357 791 395 851 de
422 789 568 850 omnibus
601 793 778 866 fructibus,
816 792 973 874 quicquid
996 787 1091 875 supra
1116 793 1217 876 ipsam

119 875 322 936 conlaborare
344 873 553 954 potuerimus,
576 873 629 932 die
654 875 721 950 illo,
743 874 830 954 quod
857 875 984 936 eveniet
1009 876 1092 935 festo
1114 876 1216 960 ipsius

119 957 224 1014 Sancti
249 955 347 1031 illius,
368 978 427 1037 pro
448 953 510 1014 hoc
537 955 625 1014 vobis
642 956 731 1016 dare
756 965 788 1016 et
812 956 987 1032 adimplere
1007 957 1133 1017 faciam.
1173 959 1216 1022 Et

116 1038 141 1096 si
168 1037 335 1118 negligens
360 1048 415 1097 aut
439 1038 546 1096 tardus
564 1037 604 1096 tle
627 1039 694 1119 ipso
714 1060 810 1098 censu
830 1039 868 1097 ad
891 1038 973 1099 illud
991 1040 1146 1120 placitum
1165 1063 1218 1122 ap·

114 1124 262 1204 paruero,
284 1119 381 1180 fidem
402 1119 517 1180 exinde
539 1120 629 1180 uobis
649 1121 775 1199 legibus
801 1120 933 1197 faciam,
965 1130 997 1181 et
1024 1121 1123 1204 ipsam
1148 1143 1218 1183 rem

114 1201 193 1286 dum
213 1201 327 1260 advivo
353 1223 411 1283 per
428 1211 567 1262 vestrum
591 1203 786 1264 heneficium
804 1211 916 1262 tenere
942 1212 975 1264 et
993 1204 1219 1266 usufructum

114 1283 246 1354 faeiam;
276 1283 310 1341 in
340 1306 377 1344 ea
400 1284 624 1344 veroratione
648 1295 685 1344 ut
713 1285 814 1344 aliubi
836 1284 917 1364 ipsas
940 1307 991 1346 res
1012 1306 1073 1346 uec
1100 1286 1219 1348 vende·

114 1387 162 1440 re,
185 1387 246 1426 uec
267 1366 481 1441 donare,'nee
504 1367 654 1442 alienare,
677 1389 736 1428 nec
763 1368 804 1426 ad
829 1367 906 1427 alias
929 1388 1016 1428 casas
1041 1368 1104 1430 Dei
1132 1367 1221 1431 dele·
1256 1396 1265 1404 ·

116 1469 201 1526 gare,
223 1469 284 1506 uec
311 1449 345 1506 in
372 1448 573 1528 naufragium
594 1471 729 1528 ponere,
755 1470 816 1509 nec
839 1449 879 1508 ad
907 1449 1071 1530 proprium
1098 1451 1219 1526 facere,

116 1543 177 1588 'nee
206 1529 378 1590 heredibus
399 1531 478 1590 meis
503 1530 537 1590 in
552 1531 653 1604 ,alode
676 1531 903 1612 derelinquere
925 1531 1127 1612 pontificium
1151 1553 1219 1592 non

114 1609 250 1670 babeam
269 1612 308 1674 ad
323 1612 516 1686 faciendum,
530 1612 592 1671 nisi
606 1623 677 1694 post
693 1635 800 1672 mcum
819 1613 1003 1688 discessum,
1018 1636 1083 1674 aaa
1096 1635 1170 1677 cum
1184 1634 1220 1675 rs
1264 1663 1266 1668 .

116 1693 333 1754 immeliorata
351 1695 404 1753 vel
423 1695 628 1775 superposita,
648 1696 804 1776 quicquid
822 1695 941 1758 ibidem
965 1696 1135 1758 inventum
1152 1699 1221 1757 fue·
1263 1697 1268 1704 ’

117 1775 186 1850 rit,
225 1779 344 1858 absque
370 1776 468 1836 ullius
502 1775 622 1837 ladieis
650 1778 903 1840 contradictione
929 1799 1002 1858 pars
1031 1776 1219 1840 Mouasterii
1257 1771 1259 1779 ’

118 1859 216 1919 vestri
238 1860 278 1920 ad
305 1868 441 1920 vestmm
466 1858 563 1919 faciat
579 1881 728 1920 revocare
754 1859 942 1925 dominium.
982 1858 1018 1921 si
1040 1860 1114 1944 quis
1134 1879 1220 1924 vero.
1258 1935 1270 1946 .

331 2025 335 2033 ·
398 1990 716 2052 commendatitiam
738 2013 771 2052 re
792 1991 932 2058 vendita.

198 2105 287 2167 ΧΧῘ.
331 2108 366 2166 ln
392 2106 520 2166 Christo
545 2105 612 2164 tilio
634 2106 797 2176 Ecclesiae
810 2105 875 2181 illi,
898 2106 929 2165 in
950 2106 1011 2167 Dei
1027 2103 1158 2167 nomine
1178 2104 1221 2165 il-

118 2192 149 2252 le
173 2190 277 2250 Abbas
304 2190 343 2250 de
366 2187 561 2249 Monasterio
582 2188 641 2246 illo
662 2187 769 2250 Sancti
792 2188 891 2263 illius,
914 2189 1001 2269 quod
1023 2199 1071 2250 est
1087 2186 1124 2250 in
1138 2208 1221 2272 pago

118 2273 195 2348 illo,
229 2293 294 2330 una
321 2279 392 2331 cum
423 2293 584 2330 consensu
607 2267 742 2329 fratrum
769 2281 961 2335 nostrorum.
1001 2273 1087 2332 Dum
1111 2279 1145 2332 et
1168 2279 1223 2328 tua

119 2356 184 2414 l'uit
204 2355 316 2436 petitio
342 2364 372 2414 et
398 2363 506 2414 nostra
528 2353 672 2412 decrevit
696 2353 841 2412 voluntas
865 2363 901 2412 ut
925 2353 1003 2414 duas
1029 2363 1136 2435 partes
1164 2353 1222 2414 da·

119 2459 188 2497 rem
211 2458 270 2518 pro
294 2437 439 2514 portione
463 2446 570 2498 nostra
600 2434 632 2492 in
655 2436 728 2495 loeo
757 2445 965 2516 nuncupante
990 2435 1068 2513 illo,
1095 2433 1154 2516 qui
1174 2441 1224 2494 est

120 2522 154 2578 in
179 2541 260 2600 pago
284 2520 364 2594 illo,
395 2539 492 2598 quem
516 2516 641 2596 tuipse
672 2527 744 2577 ante
768 2516 826 2578 hos
852 2518 920 2578 dies
944 2537 1003 2598 per
1025 2515 1223 2596 venditionis

121 2603 252 2661 titulum
279 2602 352 2660 dato
377 2599 481 2681 pretio
513 2601 556 2666 de,
577 2600 727 2659 thesauro
754 2601 860 2661 Sancti
887 2599 975 2660 illius
999 2599 1091 2661 uobis
1112 2596 1225 2659 vendi·

122 2683 215 2764 disti,
246 2684 303 2744 sed
328 2693 436 2764 postea
464 2683 571 2742 taliter
594 2682 684 2742 nobis
707 2682 892 2762 supplicasti
923 2691 958 2741 ut
980 2681 1078 2764 ipsius
1098 2680 1226 2762 portio·

123 2769 173 2826 nis
204 2768 281 2827 duas
307 2775 411 2847 partes
433 2763 465 2824 in
489 2763 652 2844 praedicto
674 2766 745 2824 loco
768 2766 825 2824 illo
847 2766 888 2825 ad
914 2785 1007 2824 usum
1028 2762 1226 2824 beneficium

125 2851 163 2909 ad
184 2848 408 2923 excolendum,
430 2846 573 2932 quandiu
600 2847 742 2922 advivis,
765 2847 823 2907 tibi
843 2857 1001 2929 praestare
1024 2846 1225 2908 deberemus.

127 2931 222 3006 Quod
244 2933 288 2988 ita
315 2940 347 2990 et
368 2929 511 2992 lecimus.
552 2929 724 3010 Propterea
743 2929 826 2988 hane
846 2929 1137 2990 commendatitiam
1156 2950 1227 2986 ma-

109 3035 173 3070 nu
199 3023 303 3072 nostra
329 3013 481 3071 firmatam
502 3009 562 3068 tibi
585 3031 643 3092 pro
667 3011 728 3070 hoc
753 3012 916 3086 dedimus,
938 3021 976 3070 ut
1001 3012 1095 3072 annis
1117 3009 1227 3091 singu·

126 3095 167 3154 lis
181 3115 312 3153 censum
327 3102 447 3152 tantum
461 3102 493 3153 et
504 3091 592 3152 illam
606 3093 761 3153 decimam
778 3093 816 3151 de
829 3092 916 3150 omni
934 3093 1054 3166 fructu,
1068 3089 1227 3174 quicquid

125 3199 221 3258 supra
252 3177 350 3257 ipsam
380 3186 494 3252 terram
522 3175 728 3234 conlaborare
759 3173 920 3255 potueris,
948 3171 1000 3232 dic
1027 3173 1105 3248 illo,
1138 3169 1228 3268 quod

126 3258 255 3319 eveniet
276 3259 358 3318 festo
382 3259 489 3317 Sancti
513 3257 612 3335 illius,
638 3279 695 3339 pro
718 3257 781 3317 hoc
810 3256 884 3315 dare
908 3255 1032 3315 debeas.
1073 3255 1116 3316 Et
1130 3277 1157 3316 si
1171 3273 1227 3313 ne·

125 3343 249 3421 gligens
271 3351 324 3399 aut
346 3342 455 3402 tardus
478 3341 517 3400 ad
540 3340 574 3398 id
599 3342 755 3420 placitum
782 3338 821 3398 de
844 3338 912 3419 ipso
939 3357 1038 3398 ceusu
1060 3337 1171 3413 fueris,
1192 3335 1227 3393 fi-

124 3427 198 3482 dem
224 3423 339 3484 exinde
362 3445 420 3504 pro
442 3424 504 3482 hoc
530 3423 621 3482 nobis
644 3422 758 3497 facias,
787 3428 818 3478 et
844 3421 943 3501 ipsam
964 3441 1033 3480 rem
1056 3419 1096 3479 ad
1117 3419 1228 3481 viven-
1278 3451 1283 3462 ·

122 3516 304 3566 tumtunm
326 3527 384 3586 per
405 3515 550 3576 nostrum
574 3505 767 3562 beneficium
791 3511 911 3579 teneas,
934 3504 967 3561 in
995 3524 1031 3562 ea
1054 3512 1158 3564 tamea
1178 3523 1229 3561 ra-

121 3589 213 3647 tione
238 3597 273 3646 ut
301 3589 399 3669 ipsam
420 3609 490 3648 rem
518 3586 616 3645 aliubi
639 3609 699 3646 ncc
726 3585 888 3662 vendere,
911 3607 970 3646 neo
996 3586 1133 3662 donare,
1164 3604 1236 3643 nec.

121 3669 278 3745 alienare,
298 3691 358 3730 nec
376 3671 416 3729 ad
437 3671 513 3730 alias
537 3691 621 3729 casas
642 3669 703 3728 Dei
727 3669 885 3748 delegare,
909 3689 968 3728 nec
997 3666 1036 3726 ad
1060 3667 1228 3750 proprium

121 3752 248 3827 sarire,
279 3773 340 3812 neo
367 3751 541 3813 heredibus
566 3751 630 3810 tuis
656 3752 688 3810 in
711 3751 802 3810 alode
826 3750 1070 3830 derelinquere,
1104 3771 1165 3810 nec
1193 3748 1228 3808 in

122 3834 328 3914 maut'ragium
348 3855 486 3915 ponere,
518 3843 705 3915 potestatem
730 3855 795 3891 non
823 3832 938 3892 babeas
964 3831 1004 3890 ad
1027 3832 1232 3909 faciendum,

123 3917 191 3976 nisi
215 3926 284 3996 post
310 3927 403 3975 tuum
430 3916 618 3991 discessum,
647 3938 710 3974 una
738 3935 810 3974 cum
844 3914 910 3993 ipsa
949 3914 1232 3986 1·e„-in1meli0rata

121 3999 176 4058 vel
210 3998 432 4080 superposita,
464 3999 621 4079 quicquid
656 3999 773 4056 ibidem
806 3995 975 4054 inventum
1008 3995 1130 4071 fuerit,
1159 3995 1231 4058 sine

122 4080 227 4140 ullius
249 4081 367 4140 Iudicis
395 4083 635 4160 consignatione
656 4103 728 4161 pars
754 4077 939 4138 blonasterii
963 4077 1063 4137 nostri
1091 4079 1234 4162 elitigato

123 4163 242 4222 ordine
264 4164 507 4244 praesentaliter
533 4164 631 4245 ipsam
658 4183 725 4221 rem
757 4160 999 4218 immelioratam
1027 4160 1060 4220 iu
1089 4173 1235 4222 nostram

122 4245 223 4305 t'aeiat
246 4247 405 4308 revocare'
421 4246 609 4323 dominium,
632 4255 664 4306 et
690 4244 769 4303 haee
792 4241 1049 4302 commendatitia
1072 4243 1160 4304 firma
1180 4249 1232 4311 sit.
