2734 4990
182 283 256 364 456
544 317 568 396 '-
643 301 851 360 renuatis·

181 445 335 594 pppquui
357 443 409 590 reti
430 443 613 590 adprallare.
653 443 828 591 Prpptprea
846 464 960 530 precor
982 453 1014 507 et
1032 445 1181 528 supplico
1208 447 1294 508 cari-

231 549 242 589 r
277 548 348 607 uae,
370 548 467 592 ocu
499 547 680 613 suprapag.
766 575 774 594 .

571 639 672 704 Aliud
698 641 894 705 Mandatum.

265 755 464 822 CLXXXII.
503 755 643 840 Legibus
659 755 851 838 institutum!
868 767 962 820 estet
976 759 1216 821 consuetudine
1238 783 1296 843 per

182 847 328 924 tempora
362 848 586 904 conservatum
618 845 655 900 ut
686 841 873 924 quicunque
901 841 1098 905 Advocatum
1130 845 1295 904 instruere

181 923 274 1002 velit,
289 923 438 986 mandato
471 921 620 1004 legaliter
650 920 725 983 dato
757 933 853 1006 atque
888 925 1076 988 solemniter
1100 925 1294 986 confirmato

120 1055 144 1084 ,s
182 1025 259 1070 eum
281 1005 442 1068 instruere
468 1003 603 1086 debeat,
625 1016 686 1068 etc.
708 1019 742 1067 ut
762 1029 857 1092 supra
872 1027 945 1091 pag.
963 1009 1033 1075 548.

575 1143 676 1208 Aliud
702 1145 894 1214 mandatum.

266 1259 481 1328 CLXXXIII.
520 1261 699 1344 Magnifice
713 1263 802 1324 fratri
830 1261 899 1340 illi,
929 1283 989 1345 ego
1018 1262 1085 1324 ille.
1128 1262 1292 1324 Omnibus

184 1361 251 1404 nou
283 1343 423 1406 babetur
445 1343 647 1428 incognitum
668 1367 764 1426 quam
785 1366 836 1406 me
860 1345 964 1428 gravis
981 1346 1148 1428 aegritudo
1169 1345 1290 1424 domet,

184 1433 222 1486 ut
248 1425 483 1511 eleemosynam
510 1449 613 1498 meam
637 1426 768 1489 minime
800 1427 925 1490 valeam
948 1450 1131 1512 procurare.
1183 1431 1289 1510 Prop-

182 1515 272 1570 terea
291 1529 371 1592 rogo
397 1508 561 1572 caritatem
581 1518 667 1570 tuam
686 1518 722 1568 ut
748 1520 879 1592 propter
903 1513 1009 1572 Deum
1032 1511 1071 1571 de
1095 1509 1193 1572 rebus
1213 1511 1290 1571 meis

182 1589 218 1650 iu
254 1587 328 1654 elce
362 1614 433 1654 mea
469 1592 608 1654 eleemos
632 1611 704 1652 nam
731 1593 836 1653 facere
866 1593 918 1654 vel
946 1592 1129 1674 dispensare
1162 1593 1289 1654 debeas.
1348 1627 1349 1650 r

181 1671 246 1738 Pro
266 1672 329 1736 boc
349 1675 439 1737 trado
459 1673 519 1735 tibi
545 1675 564 1735 ia
616 1675 644 1735 ie
665 1685 833 1757 praesente
862 1695 973 1736 omnes
996 1696 1047 1736 res
1074 1696 1159 1736 meas
1179 1674 1216 1734 in
1239 1696 1289 1756 pa-

183 1774 225 1837 go
246 1755 322 1835 illo,
344 1757 378 1817 in
404 1756 477 1818 loco
500 1757 593 1820 cuius
617 1756 809 1818 vocabulum
834 1765 883 1818 est
908 1757 985 1834 ille,
1018 1756 1051 1818 id
1075 1765 1145 1830 est,
1168 1759 1288 1830 tamis,
1347 1789 1348 1798 κ

180 1837 310 1917 mansis,
335 1838 499 1917 domibus,
521 1838 692 1916 aedificiis,
713 1848 999 1922 quantumcunque
1023 1840 1111 1906 risus
1134 1861 1210 1900 sum
1240 1848 1288 1899 te·

181 1939 261 1982 nere
288 1929 392 1982 totum
417 1929 450 1983 et
474 1921 514 1982 ad
544 1921 725 2004 integrum,
762 1922 921 2004 quicquid
949 1922 1014 1984 dici
1045 1931 1102 1982 aut
1128 1922 1287 1982 nominari

179 2008 285 2086 potest
308 2012 372 2065 tam
393 2003 433 2065 de
456 2003 562 2082 alode,
590 2015 645 2066 aut
665 2005 705 2066 de
726 2014 918 2088 comparato,
940 2007 992 2065 rel
1011 2005 1051 2066 de
1069 2003 1219 2087 quolibet
1232 2003 1288 2063 ad-

180 2092 310 2158 tractu,
344 2088 378 2146 in
414 2085 660 2170 quibuscunque
696 2087 785 2171 pagis
814 2095 868 2147 aut
899 2085 1070 2148 territoriis
1101 2086 1189 2148 risus
1219 2106 1287 2146 sum

180 2163 313 2244 habere,
325 2177 429 2229 totum
443 2169 524 2230 etad
536 2169 698 2254 integrum
709 2191 777 2230 rem
790 2168 1028 2251 inexquisitam,
1044 2189 1103 2251 per
1122 2189 1211 2230 meos
1228 2188 1286 2229 wa-

182 2247 258 2310 dros
273 2260 328 2311 aut
339 2251 545 2334 andelangos,
566 2274 626 2337 per
643 2251 704 2312 boc
716 2252 901 2312 mandatum
927 2250 966 2311 ad
989 2272 1093 2311 meam
1115 2252 1286 2332 eleemosy-

183 2351 257 2392 nam
267 2331 445 2395 faciendam
463 2333 496 2392 iu
509 2356 666 2418 pauperes
679 2333 733 2396 vel
749 2334 935 2396 Sacerdotes
948 2333 1006 2394 tibi
1026 2333 1128 2408 trado,
1139 2341 1176 2392 ut
1194 2333 1287 2416 quic·

182 2413 263 2498 qnid
277 2414 395 2476 exinde
410 2414 512 2496 egeris
526 2417 712 2497 gesserisve,
727 2415 811 2498 apud
830 2438 880 2478 me
903 2416 934 2475 in
950 2416 1099 2476 omnibus
1118 2424 1149 2474 et
1165 2435 1206 2475 ex
1220 2437 1288 2474 om·

183 2494 280 2557 uibus
301 2491 404 2557 ratum
427 2506 460 2556 et
489 2506 597 2578 aptum
621 2509 716 2581 atque
737 2508 930 2562 transactum
956 2497 1191 2578 definitumque
1221 2517 1286 2558 esse

184 2597 367 2658 cognoscas.
409 2578 471 2654 Et,
493 2580 581 2661 quod
600 2602 661 2646 uec
681 2579 750 2642 fieri
775 2582 891 2659 credo,
916 2581 943 2642 si
975 2601 1035 2663 ego
1059 2581 1127 2663 ipse
1149 2587 1206 2640 aut
1230 2579 1288 2638 ali·
1347 2609 1348 2612 ¹

184 2659 267 2743 quis.
307 2660 350 2724 Et
373 2659 508 2742 reliqua.

518 2809 568 2870 De
580 2810 733 2892 formatis
759 2809 960 2892 {Epistulas}

267 2919 473 2988 CLXXXIV.
517 2921 641 2986 Graece
661 2924 819 2985 elementa
850 2925 1030 2984 litterarum
1056 2945 1209 2986 numeros
1240 2945 1292 2984 ex-

207 3003 324 3069 ritnere
351 3005 462 3070 nullus
491 3005 549 3088 qui
576 3005 719 3066 tenuiter
742 3005 856 3066 Graeci
883 3007 1039 3068 sermonIs
1063 3008 1211 3066 notitiam
1238 3007 1292 3066 ba·

183 3027 260 3168 let,
288 3089 422 3170 ignorat
477 3087 525 3150 Ne
555 3086 654 3170 igitur
686 3087 720 3147 in
749 3086 904 3150 faelendis
929 3089 1072 3172 epistolrs
1102 3090 1289 3166 canonicis,

184 3189 263 3256 quas
283 3191 351 3244 mos
375 3171 507 3233 Latinus
532 3170 695 3231 Formatas
718 3179 820 3242 vocat,
844 3169 952 3250 aliqua
980 3171 1067 3230 fraus
1091 3171 1291 3232 salsitudinis
1345 3235 1346 3238 Ἴ

182 3264 303 3318 temere
335 3261 573 3336 praesumetur,
600 3250 662 3312 boc
688 3253 705 3312 d
730 3254 873 3333 patribus
902 3253 1102 3314 CCCXVIII.
1151 3255 1291 3313 Nicaeae

183 3335 384 3419 congregatis
402 3332 611 3397 saluberrime
626 3333 792 3394 inventum
809 3343 856 3395 est
876 3343 909 3394 et
926 3333 1146 3410 constitutum,
1171 3346 1209 3395 nt
1233 3338 1293 3394 l'or-

184 3428 286 3480 mutae
321 3417 474 3499 epistolae
505 3415 589 3475 hanc
624 3416 845 3477 calculationis
875 3437 932 3476 seu
964 3419 1202 3498 supputationis
1235 3417 1293 3477 ba-

184 3502 282 3564 beant
300 3499 476 3570 ratiouem;
514 3496 548 3557 id
577 3507 645 3574 est,
675 3507 710 3559 ut
732 3500 940 3562 adsumantur
966 3498 999 3556 in
1028 3499 1293 3580 supputationem

184 3581 289 3664 prima
319 3582 441 3641 Graeca
469 3579 627 3640 elementa
659 3579 762 3642 Patris
793 3592 825 3642 et
848 3579 925 3640 Filii
952 3590 985 3642 et
1008 3580 1146 3661 Spiritus
1168 3582 1292 3655 sancti,
1344 3625 1345 3642 r

184 3665 249 3726 boc
269 3670 336 3739 est,
368 3665 411 3722 11.
432 3663 467 3726 Τ.
486 3663 525 3724 Α.
546 3681 628 3742 qnae
650 3662 807 3723 elementa
829 3661 1069 3744 octogenarium
1090 3665 1294 3747 quadragen-

184 3746 336 3809 tesimum
366 3753 400 3805 et
432 3744 571 3826 primum
599 3741 782 3825 significant
810 3765 989 3809 numerum.
1040 3745 1131 3806 Petri
1158 3767 1294 3827 qnoque

170 3826 331 3914 ··Apostoli
355 3825 458 3910 prima
484 3825 612 3900 littera,
642 3824 675 3885 id
699 3835 765 3903 est,
795 3829 836 3886 Π.
857 3826 913 3908 qui
948 3847 1101 3888 numerus
1128 3827 1294 3911 octoginta

184 3911 364 3996 significats
403 3910 472 3972 eius
497 3906 554 3990 qui
584 3906 695 3968 scribit
724 3909 915 3990 epistolam,
945 3909 1048 3990 prima
1079 3909 1190 3974 littera
1200 3936 1207 3982 ;
1244 3910 1295 3971 cui
1343 3959 1344 3970 ,

185 3994 358 4070 scribitur,
379 3991 521 4055 secunda
546 3988 670 4060 littera;
699 3989 907 4074 accipientis,
937 3991 1031 4052 tertia
1057 3990 1184 4066 littera;
1216 3993 1297 4055 ciri·

185 4078 258 4140 tatis
275 4096 405 4161 quoque
427 4075 467 4136 de
488 4081 551 4156 qua
571 4071 744 4149 scribitur,
766 4081 896 4154 quarta;
920 4071 1295 4158 Indictiouisquoqne,

185 4159 298 4237 idest,
323 4157 475 4239 temporis
500 4155 557 4236 qui
587 4153 690 4215 fuerit
709 4174 861 4216 numerus
880 4154 1074 4218 adfirmatur.
1116 4158 1228 4239 Atque
1253 4157 1296 4218 ita

185 4242 236 4304 lais
266 4241 413 4302 omnibns
441 4236 557 4300 litteris
584 4236 731 4313 Graecis,
755 4255 859 4317 quas,
888 4248 925 4299 ut
949 4237 1109 4322 diximus,
1140 4261 1295 4302 numeros
