2676 4976
174 291 248 374 50,ss
619 316 811 376 ronnucar.

175 457 404 602 ntoplpptcrit,
426 455 584 544 quicquid
611 445 665 524 lix
691 456 731 523 de
761 457 825 526 tate
849 479 942 526 causa
971 459 1088 526 edocet
1113 457 1264 526 anesten

175 560 188 606 t
205 559 224 602 o
250 561 279 601 ra
296 584 303 598 .

407 665 526 750 Incipit
548 665 685 727 vindicio
706 666 763 749 qni
782 668 918 752 scipsum
938 666 1052 731 vindic.

254 776 363 844 XXV.
403 780 531 848 Domno
552 779 721 863 magnifico
742 779 833 840 fratri
855 780 924 858 illo,
945 802 1075 854 necnon
1092 781 1207 842 coniux
1220 803 1264 844 sua

171 861 241 932 illa
287 863 354 924 Nus
376 862 464 922 enim
490 861 541 930 illi
570 872 603 923 et
632 861 746 946 coguie
768 884 825 923 sua
846 863 901 932 illa
925 871 1050 934 constat
1082 885 1142 924 nus
1167 864 1262 926 vinde-

172 945 256 1008 diose
278 955 310 1006 et
340 944 385 1004 ita
413 944 625 1006 vendedimus
659 945 677 1010 it
703 944 793 1008 vobis
823 954 907 1008 estus
938 955 1064 1010 nostros
1093 967 1166 1007 cum
1193 947 1263 1006 omni

170 1028 336 1111 peculiare
367 1027 455 1109 quod
479 1027 633 1088 habemus
659 1034 713 1092 aut
737 1027 844 1091 locare
879 1038 1085 1110 poteremur,
1114 1049 1216 1090 manso
1239 1038 1263 1088 et

171 1121 258 1174 terra
283 1110 337 1171 vel
361 1109 508 1186 viniolas,
530 1119 824 1193 quantumcumque
846 1112 887 1172 ad
908 1112 959 1172 die
986 1119 1157 1193 praesente
1180 1110 1263 1192 possi·-

171 1194 249 1257 dere
272 1192 424 1268 vidimnr,
447 1190 481 1250 in
502 1191 605 1258 fundo
631 1192 690 1254 illa
715 1192 795 1254 villa
818 1193 854 1254 in
882 1214 916 1254 se
944 1214 1041 1275 snper
1069 1203 1156 1254 terra
1175 1193 1262 1252 eccle-

171 1274 238 1337 siae
257 1273 451 1352 Andecavis,
470 1274 523 1335 vel
549 1274 669 1356 ubique
691 1273 802 1336 habire
829 1274 890 1336 visi
917 1296 1037 1342 sumus.
1082 1275 1173 1336 Unde
1195 1273 1261 1333 acci-

168 1357 276 1444 pimus
298 1357 338 1418 de
360 1355 449 1419 vobis
470 1357 616 1437 precium
635 1356 723 1438 quod
744 1356 836 1418 nobis
865 1356 1063 1440 conplacuit,
1086 1356 1150 1417 hoe
1173 1364 1214 1416 est
1235 1357 1259 1413 in

171 1461 250 1502 auro
281 1440 407 1502 valente
431 1437 559 1500 soledus
581 1447 712 1516 tantus,
738 1448 775 1499 ut
797 1449 868 1522 post
887 1439 976 1500 hunc
1002 1437 1091 1499 diem
1119 1437 1260 1499 memorati

170 1531 331 1605 emptores
353 1521 512 1604 quicquid
537 1522 577 1583 de
608 1543 668 1581 nus
695 1520 771 1603 ipsis
797 1523 851 1583 vel
871 1522 910 1581 de
934 1520 1065 1582 heredis
1098 1519 1206 1582 nostrie
1223 1519 1258 1578 la-

170 1624 246 1670 ocre
267 1604 445 1681 voluerint,
468 1603 608 1668 habeant
630 1610 821 1686 potestatem
842 1602 992 1668 faciendi.
1033 1603 1070 1666 si
1093 1605 1164 1689 quis
1180 1609 1230 1665 etc.

570 1736 688 1821 Incipit
708 1739 869 1799 securitas.

252 1847 380 1914 XXVI.
419 1852 506 1912 Dum
529 1871 595 1912 non
618 1851 757 1912 habetur
776 1851 989 1936 incognitum,
1035 1851 1155 1916 naliter
1173 1849 1260 1930 aliqua

170 1932 312 2012 lemine,
335 1953 452 1995 nomen
474 1933 543 2009 illa,
565 1935 650 2016 apud
678 1933 843 1995 hominem
870 1935 972 1996 sancti
993 1875 1207 2012 iliiusmomen
1228 1931 1258 1989 il·

170 2016 216 2095 lo,
237 2017 304 2078 litis
326 2016 507 2076 intentione
529 2015 642 2076 habuit
665 2017 705 2078 de
731 2017 789 2076 illo
808 2027 916 2100 rapto,
939 2017 1030 2100 quod
1053 2018 1122 2098 ipsa
1143 2014 1214 2088 fuit,
1232 2021 1258 2070 ut

171 2099 181 2158 i
206 2121 238 2160 sa
263 2098 304 2160 ad
323 2119 436 2181 pacem
459 2099 664 2160 concordiam
689 2100 853 2161 voluntate
876 2099 916 2161 ad
944 2099 1013 2181 ipsa
1034 2098 1156 2160 femina
1174 2097 1257 2155 faeere

194 2182 337 2242 aberent.
359 2181 447 2262 quod
476 2181 518 2241 ita
543 2192 574 2244 et
600 2185 758 2243 fecerunt.
801 2183 895 2243 Unde
922 2182 1089 2259 convenit,
1117 2188 1152 2239 ut
1170 2176 1194 2239 si
1211 2175 1256 2234 ho·

170 2283 224 2323 mo
248 2284 346 2322 manu
371 2283 427 2323 sua
448 2262 571 2323 firmata
593 2257 710 2324 exin‘de
733 2264 878 2348 accipere
901 2264 1054 2340 deberet,
1079 2261 1165 2344 quod
1184 2260 1256 2322 itaet

169 2344 260 2421 fecit,
281 2352 319 2403 ut
340 2365 374 2404 se
399 2345 467 2426 ipsa
492 2346 620 2406 femena
640 2354 712 2428 post
735 2346 824 2407 hunc
844 2347 930 2406 diem
950 2347 1109 2427 resultare
1130 2339 1255 2426 uoluerit,

171 2434 285 2488 contra
308 2425 442 2489 homine
462 2429 591 2488 soledus
617 2438 722 2489 tantus
744 2437 924 2510 componat.
976 2430 1077 2490 Facta
1099 2423 1241 2489 securiter

473 2555 591 2640 Incipit
612 2553 748 2618 vindicio
767 2558 982 2639 proprietatis.

253 2670 388 2736 xxv11.
428 2671 567 2731 Domino
599 2672 785 2733 venerabile
817 2680 849 2733 et
876 2671 909 2730 in
943 2671 1074 2733 Christo
1108 2666 1188 2740 Patri
1213 2663 1255 2721 illo

134 2766 141 2776 '
170 2750 294 2815 Althaia
316 2774 376 2836 ego
399 2753 449 2814 illi
471 2753 646 2828 etconinx
667 2776 737 2814 mea
760 2754 827 2816 illa.
869 2755 1002 2814 Constat
1023 2776 1086 2814 nus
1102 2745 1256 2813 vindedissc

171 2845 206 2898 et
233 2835 277 2896 ita
298 2835 503 2899 vindedimns
524 2837 615 2898 robis
636 2847 721 2905 terra
741 2836 946 2918 proprietatis
969 2845 1121 2911 nostrae,
1152 2831 1182 2890 in
1201 2829 1256 2886 loco

127 2912 131 2921 ’
171 2927 380 3001 nuncupante
402 2918 471 2997 illo,
494 2927 527 2979 ct
550 2919 652 3002 accipi
680 2919 817 3002 proinde
839 2919 944 3000 pretio
968 2919 1008 2978 de
1029 2917 1121 2983 vobis
1142 2913 1172 2972 in
1188 2906 1257 2990 q11⁰l

173 3001 266 3063 nobis
287 3001 483 3081 conplacuit,
505 3001 568 3063 hoc
590 3010 639 3062 est
663 3001 696 3060 in
719 3009 853 3081 argento
874 3001 1003 3061 soledus
1019 3009 1144 3073 tantus,
1165 3002 1217 3055 etc·
1232 2996 1256 3055 el

171 3081 252 3144 haec
273 3083 418 3147 vindicio
438 3083 575 3166 perenni
596 3092 738 3167 tempore
761 3082 850 3144 firma
867 3090 1052 3166 permaneat
1075 3073 1255 3164 stipulatione

173 3165 318 3234 subnixa.
360 3166 477 3230 Actum
498 3175 554 3228 est.
1123 3168 1128 3174 ’

313 3371 317 3376 .
581 3299 700 3382 Incipit
720 3295 866 3357 indicias.

254 3409 418 3476 XXVIII.
460 3412 605 3474 Veniens
627 3409 676 3470 illi
696 3409 878 3472 Andecaris
906 3409 1036 3469 civitate
1057 3417 1129 3467 ante
1153 3401 1203 3470 illo
1220 3395 1254 3454 A*-

172 3503 279 3578 gente,
302 3516 431 3556 necnon
460 3505 491 3555 et
522 3495 599 3570 illo,
632 3494 683 3554 vel
709 3492 843 3573 reliquis
867 3493 923 3574 qui
952 3513 1027 3551 cum
1052 3490 1111 3550 illo
1136 3483 1252 3546 aderant,

172 3577 401 3660 interpellabat
427 3576 536 3658 aliquo
556 3575 700 3652 bomine,
722 3596 839 3635 nomen
864 3575 934 3650 illo,
956 3571 1047 3654 quasi
1071 3567 1189 3632 l'ossado
1210 3573 1253 3644 pet

171 3667 257 3720 terra
279 3682 347 3737 sna,
369 3659 403 3718 in
433 3660 505 3720 loco
530 3666 747 3738 nuncupante,
769 3655 826 3738 qui
852 3663 999 3731 vocatur,
1019 3654 1077 3716 illa
1096 3651 1186 3726 villa,
1209 3656 1250 3730 qt¹

172 3741 295 3823 aspecit
322 3742 362 3803 ad
389 3741 463 3818 illa,
491 3741 522 3802 ci
546 3739 737 3801 fossadassit.
777 3742 820 3798 Et
847 3739 955 3800 taliter
981 3737 1042 3819 ipsi
1069 3736 1161 3796 homo
1183 3722 1252 3818 dedll

171 3844 338 3905 responso,
360 3825 448 3906 quod
469 3833 552 3884 terra
576 3845 632 3884 sua
654 3820 778 3883 fossado
799 3821 936 3887 iecisset.
960 3842 1034 3879 nam
1058 3829 1140 3880 terra
1157 3810 1191 3871 ad
1208 3801 1250 3898 {¹1⁰

172 3903 305 3968 homine
327 3927 501 3990 numquam
526 3905 721 3966 fossndasset.
771 3902 866 3964 Visus
887 3903 950 3967 suit
977 3903 1015 3963 ab
1038 3901 1113 3983 ipsis
1131 3882 1251 3986 maguti·

174 3988 240 4066 cis,
262 3999 298 4050 ut
326 3989 378 4049 illi
408 3990 441 4049 in
474 3988 577 4050 noctis
605 3996 709 4047 tantas
737 3985 822 4068 apud
850 3985 997 4046 homines
1032 3993 1137 4046 tantus
1158 3983 1261 4063 vrctnls'

176 4071 261 4134 circa
282 4073 440 4134 manentis
468 4073 508 4133 de
538 4072 605 4152 ipsa
627 4067 755 4130 condita
780 4089 873 4128 mano
895 4077 1083 4148 suaquarta
1105 4047 1250 4125 inbasrle·

177 4175 213 4212 ca
235 4154 345 4215 domni
368 4154 456 4216 illius
485 4153 621 4215 senioris
643 4169 794 4212 excusare
824 4150 974 4226 deberet,
1006 4149 1093 4230 qnod
1118 4147 1251 4205 terrasua

177 4237 261 4304 malo
283 4236 396 4300 ordine
419 4257 594 4317 numquam
615 4232 810 4296 fossadasset.
866 4233 902 4294 Si
921 4233 982 4294 hoc
1008 4234 1111 4298 facere
1134 4215 1247 4309 potebat
