2676 4976
475 323 761 380 axoncrsuoauu
795 321 798 328 ’
1087 315 1177 386 577·

22 533 24 540 ,
73 470 184 556 viginti
216 475 345 551 quatuor
368 463 525 541 Seniores,
547 463 603 546 qui
638 462 757 526 cotidie
797 465 831 526 in
867 465 995 530 laudem
1028 471 1162 534 Domini

72 565 169 632 suut,
193 574 249 635 per
274 551 326 610 illo
351 547 559 628 Redemptore
591 545 649 624 qui
676 567 736 630 pro
758 559 865 618 nostra
887 561 1017 634 peccata
1047 575 1179 616 manus*

74 641 108 699 iu
130 645 233 700 sancta
259 652 344 694 cruce
363 627 557 711 suspendere
588 629 832 710 dignatusest,
863 642 901 693 ut
930 632 1017 696 hunc
1040 637 1163 698 lurtum

74 711 189 781 mixtus
209 738 238 778 es
256 724 303 776 aut
320 713 420 774 fecisti
441 721 498 772 aut
517 710 705 774 consentisti
720 721 774 773 aut
787 714 1010 778 fraudolenter
1030 717 1164 785 lsaiolae·

75 805 118 880 ti,
146 800 245 862 taliter
269 801 305 859 sit
324 795 381 858 tibi
406 791 618 854 haialaudum
640 793 666 856 si
692 795 733 857 de
754 815 851 857 mauu
872 798 1006 860 Domini
1030 800 1078 862 ,de
1101 823 1159 862 aua

75 865 277 964 saucta'gloria
289 887 319 940 et
334 879 496 953 virtutem,
513 885 549 944 ut
568 897 685 958 panem
698 888 730 940 et
744 876 865 940 casium
881 881 976 941 iatum
995 903 1162 964 nunquam

74 966 169 1051 possis
185 964 377 1038 manducare,
409 959 471 1020 nisi
493 958 618 1022 iullatas
639 959 735 1026 buces
758 981 830 1022 cum
852 984 963 1046 spuma
985 973 1017 1025 et
1039 967 1162 1048 gemitu

76 1060 108 1110 et
125 1046 251 1128 lacrymis
270 1053 300 1106 et
319 1041 487 1106 doloribus
505 1041 606 1105 laucis
623 1051 697 1106 tuac
718 1043 785 1108 sint
806 1045 998 1110 constrictae
1020 1057 1053 1111 et
1073 1048 1161 1112 oble·

75 1141 161 1215 galae.
196 1129 300 1190 Arnen.

187 1274 250 1331 Ista
270 1261 404 1332 collecta
425 1265 560 1354 desuper
576 1281 674 1351 caput
696 1267 832 1332 heminis
854 1271 1022 1334 coniurati.

136 1382 264 1445 Domine
301 1387 391 1446 Dens
421 1381 643 1464 omnipotens,
676 1383 785 1467 agius,
807 1384 927 1468 largius,
960 1387 1067 1468 agius,
1102 1389 1161 1452 ad·

65 1479 139 1530 stans
159 1467 189 1528 iu
210 1467 306 1528 coelis
336 1476 370 1528 et
398 1461 431 1526 in
460 1466 572 1542 terris,
603 1465 759 1545 Domine,
787 1478 933 1529 sanctum
962 1480 995 1532 et
1021 1471 1161 1534 admira-

64 1551 150 1611 bilem
170 1568 280 1610 nomeu
303 1560 398 1610 tuum
427 1548 633 1624 invocamus,
662 1569 779 1609 nomen
802 1558 893 1612 tuum
921 1550 1158 1648 deprecamur,

64 1632 185 1695 Domine
215 1631 354 1692 Domine
381 1631 637 1692 Dourinantium.
687 1631 810 1694 Nomen
837 1641 929 1692 tuum
958 1654 1158 1716 invocamus,

65 1718 149 1775 Deus·
161 1715 348 1792 coelorum,
365 1715 452 1776 Deus
475 1713 652 1792 iustorum,
674 1715 762 1776 Deus
786 1713 1039 1797 Prophetarum,
1071 1722 1159 1781 Deua

66 1797 285 1880 Apostolorum,
314 1799 405 1857 Deus
435 1798 630 1878 Martyrum,
658 1796 745 1858 Deus
767 1796 956 1878 Virginnm,
978 1800 1065 1862 Deus
1089 1821 1157 1862 om·

66 1880 200 1960 uiamque
223 1881 426 1944 Sanctorum.
467 1879 514 1960 Te
537 1878 742 1958 invocamus,
766 1889 802 1940 ut
824 1879 1013 1962 quicunqne
1034 1883 1159 1945 furtum

67 1959 146 2020 illum
165 1961 235 2022 lecit
253 1972 314 2022 aut
335 1959 554 2036 consenserit,
585 1959 765 2042 adponatur
786 1960 816 2023 ei
842 1971 989 2028 creatura
1012 1966 1102 2048 panis
1125 1977 1158 2028 et

65 2042 247 2122 formaticos,
269 2054 329 2104 aut
350 2043 383 2104 in
406 2053 490 2104 terra
512 2050 619 2103 vomat
638 2063 735 2124 quam
764 2052 981 2128 pertranseat;
1015 2045 1092 2128 qnia
1121 2059 1156 2112 tu

66 2146 94 2184 es
112 2128 203 2202 Deus,
226 2136 257 2188 et
281 2148 352 2186 nou
376 2135 423 2188 cst
444 2126 526 2186 alius
547 2133 675 2208 praeter
698 2135 738 2187 tr..
781 2128 846 2188 Fac
868 2128 1046 2190 secundum
1068 2153 1158 2214 mag·

64 2228 126 2266 uam
143 2209 393 2270 miscricordiam
414 2215 511 2270 tuam.
555 2209 729 2286 Separatur
748 2207 787 2268 ab
807 2229 845 2268 eo
869 2208 1000 2290 spiritus
1016 2212 1157 2280 Diaboli.

62 2292 117 2367 Qui
137 2291 275 2356 conscius
303 2300 361 2369 est,
384 2301 519 2355 evomat.
559 2291 601 2350 Et
621 2289 680 2371 qni
703 2291 861 2351 innocens
886 2301 950 2368 est,
973 2297 1157 2364 manducet.

62 2371 97 2432 Et
114 2375 163 2454 qai
185 2374 358 2458 culpabilis
379 2383 437 2461 est,
459 2381 584 2450 tremat,
607 2381 793 2452 tremescat,
810 2381 961 2454 tauquam
984 2377 1078 2438 arbor
1094 2390 1157 2440 tre·

61 2455 159 2532 malet,
185 2466 216 2518 et
241 2456 396 2542 requiem
416 2477 482 2518 nou
504 2455 621 2516 lrabeat
642 2454 797 2520 donante
819 2456 1026 2537 confiteatur,
1060 2463 1156 2523 Pater

59 2547 161 2600 sancte.
1120 2547 1139 2580 s

200 2653 323 2738 Incipit
340 2651 486 2736 probatio
508 2675 528 2726 a
549 2648 668 2714 cunctis
680 2645 783 2734 sartis
800 2651 988 2738 probandis.

128 2765 215 2834 Vlll.
260 2771 445 2851 Antequam
467 2769 612 2851 incipias,
634 2768 762 2830 canitur
777 2769 871 2832 Missa
893 2771 933 2833 de
955 2784 1062 2834 sancta
1076 2771 1153 2836 Tri·

60 2845 151 2911 nitate.
172 2853 378 2938 Antiphona:
401 2853 574 2913 Benedicta
593 2851 635 2912 sit
649 2863 756 2912 sancta
769 2851 918 2918 Trinitas.
942 2852 1078 2918 Domine
1106 2861 1153 2917 le·

59 2950 91 2989 au
110 2933 234 3002 Christe.
281 2935 374 3018 Agis,
395 2935 476 3018 agie,
498 2934 578 3016 agie.
619 2936 733 2994 Astans
756 2932 789 2991 iu
813 2934 923 3012 coelis,
947 2936 980 2994 in
1003 2937 1152 3001 omnibus

59 3011 126 3076 locis
145 3017 339 3095 dominaris,
369 3017 460 3080 videa
482 3026 514 3078 et
533 3015 636 3098 regis,
660 3016 781 3075 iudicas
803 3023 835 3076 et
856 3015 1008 3096 disponis.
1050 3021 1152 3080 Sanc·

56 3101 113 3156 tum
131 3109 162 3162 ct
179 3099 371 3168 admirabile
389 3121 511 3165 nomeu
534 3109 623 3161 tuum
647 3096 843 3158 invocamus.
884 3099 1023 3162 Domine
1044 3103 1153 3162 Domi.

56 3180 202 3260 nautium,
224 3183 367 3266 Spiritus
387 3183 470 3258 Dei,
489 3181 589 3242 'Deus
610 3177 768 3240 Abraham
781 3223 792 3260 ,
819 3183 907 3244 Deus
928 3175 1034 3260 Isaac,
1062 3187 1151 3246 Deus

54 3265 152 3342 Iacob,
181 3269 273 3328 Deus
294 3266 489 3342 Coelorum,
521 3265 609 3324 Deus
630 3265 810 3340 Iustorum,
841 3266 928 3324 Deua
951 3266 1150 3346 propitiator,

54 3345 128 3407 Deus
147 3347 386 3430 Apostolorum,
407 3351 495 3408 Deus
517 3347 709 3428 Martyrum,
739 3347 827 3406 Dens
850 3347 992 3406 omnium
1014 3350 1151 3410 Sancto·

54 3449 123 3506 rum,
146 3439 174 3498 te
196 3431 402 3509 invocamus,
437 3440 474 3491 ut
494 3428 681 3512 quicunque
705 3429 744 3488 de
765 3434 789 3508 †
811 3427 871 3488 isto
893 3429 980 3488 furto
1003 3431 1150 3514 culpabi·

54 3508 86 3570 lis
105 3522 158 3588 cst,
171 3522 354 3596 opponatur
375 3513 404 3572 ei
419 3511 516 3594 panis
539 3521 571 3572 et
592 3531 712 3586 caseus,
729 3521 763 3570 ut
784 3521 816 3572 te
838 3509 969 3572 iubente
992 3515 1151 3576 constrin-

54 3602 155 3671 gantur
174 3595 285 3656 fauces
308 3594 395 3655 illius
416 3603 448 3668 et
469 3592 664 3678 guttnreius
686 3594 855 3654 claudatur
863 3619 870 3663 ς
891 3597 1000 3677 utqui
1020 3601 1045 3678 l·
1065 3599 1151 3660 istud

53 3675 161 3736 furtum
182 3677 352 3757 commisit,
372 3685 467 3742 antea
487 3683 630 3738 revomet
651 3696 747 3759 quam
768 3687 986 3760 pertranseat;
1017 3689 1053 3740 ut
1072 3681 1151 3742 sciat

54 3758 128 3835 quod
149 3767 185 3819 tu
205 3781 238 3822 cs
268 3761 376 3839 Deus,
412 3768 445 3821 et
470 3755 606 3819 nonest
633 3758 715 3820 alius
745 3769 872 3842 praeter
897 3769 938 3821 ta.
1001 3763 1066 3824 Fac
1097 3784 1149 3824 se-

53 3839 182 3902 cuudum
218 3863 365 3924 magnam
395 3840 649 3904 misericordiam
678 3850 765 3901 tuam
801 3851 838 3900 ut
874 3841 912 3901 ab
950 3864 988 3904 eo
1017 3846 1148 3928 spiritua

54 3919 171 3984 Diaboli
192 3932 373 4008 separetur,
396 3919 429 3986 et
449 3926 599 4008 probatus
621 3923 786 3986 convictus
809 3922 869 3999 sit,
895 3918 952 4005 qui
976 3927 1147 4008 culpabilis

54 4011 94 4062 est
111 4013 221 4068 tremat
241 4016 275 4068 et
294 4017 464 4068 tremescat
484 4015 636 4090 tanquam
658 4005 736 4066 solia
758 4004 880 4066 arboria
900 4009 1041 4069 tremuli.
1083 4005 1148 4070 Par

54 4089 296 4172 constringentes
327 4089 468 4172 Angelos
496 4101 594 4162 tuos,
632 4095 696 4172 par*
717 4096 862 4148 sanctum
892 4085 1082 4150 Michaelem
1114 4101 1147 4154 et
1178 4136 1186 4150 .

18 4167 22 4174 '
53 4181 185 4231 sanctum
211 4169 451 4256 Raphalaelem,
484 4180 625 4233 tremens
658 4177 824 4252 appareat,
857 4177 889 4229 ct
909 4171 1054 4251 requiem
1079 4192 1144 4236 non

52 4245 157 4328 lrabeat
183 4255 284 4319 donec
317 4254 508 4317 confiteatur
534 4256 655 4338 furtum
683 4252 776 4315 istud.
818 4251 915 4332 Agis,
943 4253 1036 4336 agie,
1063 4257 1146 4343 agie,

848 4365 896 4438 37
