2734 4990
184 242 258 335 448
625 261 818 320 nonnulle

587 403 661 462 Atta
684 403 880 468 obnoxiatio.

265 507 442 574 CXXXVI.
483 507 622 570 Domino
646 509 736 569 tratri
762 507 809 574 ill.
831 519 863 572 et
883 507 929 574 ill.
971 509 1129 574 Omnibus
1150 535 1219 575 nou
1238 515 1293 576 ba-

182 595 280 658 betur
309 591 509 676 incognitum
533 592 674 674 qualiter
708 613 757 652 me
787 592 889 674 gravis
921 593 1090 656 necessitas
1118 606 1152 656 et
1180 609 1290 658 anates

181 677 318 763 pessima
347 683 596 758 oppresserunt,
625 682 662 736 ut
684 673 816 734 minime
839 673 973 736 babeam
993 677 1081 738 uude
1100 679 1217 742 vivere
1237 683 1290 741 vel

182 782 234 822 me
260 757 379 820 vestire
405 757 531 838 possim.
586 759 758 840 Propterea
787 755 828 818 ad
853 757 1043 839 petitionem
1072 781 1177 822 meam
1207 761 1291 822 mihi

183 861 249 903 non
272 837 464 920 denegastis,
486 839 546 900 nisi
567 847 603 900 ut
629 840 662 898 in
685 861 806 899 summa
823 841 1009 902 necessitate
1022 863 1091 903 mea
1114 854 1291 926 argentum

181 926 234 986 vel
261 922 412 984 amictum
442 921 604 983 valentem
630 923 748 983 solidos
775 931 878 983 tantos
915 923 948 982 in
979 945 1076 984 manu
1106 947 1177 986 mea
1205 927 1289 986 mihi

182 1005 319 1082 dedisti,
341 1013 373 1065 et
400 1025 460 1086 ego
488 1005 619 1065 minime
648 1004 751 1064 habeo
774 1003 861 1064 uude
885 1005 968 1087 ipsos
990 1006 1108 1068 solidos
1129 1018 1205 1071 tuos
1228 1009 1288 1070 tibi
1346 1003 1347 1010 '

180 1089 318 1150 reddere
337 1107 461 1168 queam.
508 1087 681 1166 Propterea
711 1085 972 1149 obnoxiationem
997 1087 1037 1150 de
1062 1089 1165 1172 capite
1190 1092 1287 1175 iuge-

180 1170 313 1232 nuitutis
335 1190 424 1230 meae
451 1169 485 1229 iu
514 1179 544 1228 te
567 1170 637 1229 lieri
663 1178 694 1230 et
720 1169 885 1230 adfirmare
911 1171 1046 1252 rogavi,
1074 1173 1285 1256 utquicquid

179 1253 221 1314 de
244 1251 405 1334 mancipio
427 1261 483 1312 tuo
503 1251 652 1334 originali
672 1252 762 1328 facia,
788 1261 852 1312 tam
878 1251 1063 1329 vendendo,
1087 1267 1284 1318 commutau-

101 1353 104 1362 '
181 1329 234 1413 do,
265 1333 468 1416 disciplinam
485 1333 700 1416 imponendo,
732 1334 828 1394 itaet
850 1333 889 1396 de
911 1355 961 1395 me
986 1333 1025 1394 ab
1044 1333 1207 1399 hodierno
1232 1341 1282 1401 die

179 1419 313 1479 liberam
339 1427 370 1478 et
397 1414 605 1478 firmissimam
627 1415 660 1475 in
686 1415 832 1477 omnibus
850 1425 1041 1512 potestatem
1058 1419 1203 1480 faciendi
1225 1421 1282 1482 ba·

179 1502 262 1563 beas.
303 1498 338 1562 si
364 1499 562 1582 quievero,
592 1499 679 1580 quod
705 1519 765 1560 nec
789 1499 859 1560 fierr
883 1499 989 1560 credo.
1031 1499 1073 1561 Et
1101 1501 1244 1585 reliqua,

564 1647 637 1708 Alia
672 1650 866 1746 obnoxiatio.

251 1756 450 1824 CXXXVII.
492 1758 632 1819 Domino
663 1779 734 1818 meo
766 1779 906 1840 semper,
935 1779 994 1841 ego
1019 1758 1086 1820 ille.
1127 1759 1202 1819 Non
1236 1771 1281 1822 est

176 1843 377 1926 incognitum
405 1841 546 1924 qualiter
568 1840 738 1922 instigante
760 1852 850 1923 parte
878 1841 1011 1904 adversa
1037 1840 1116 1902 mihi
1142 1843 1281 1924 contigit

175 1927 264 2009 quod
278 1946 336 2008 ego
352 1926 512 1986 caballum
534 1925 573 1983 ab
596 1923 725 1984 homine
747 1924 856 2005 aliquo
876 1932 937 1990 etc.
959 1937 992 1984 nt
1006 1945 1101 2008 supra
1115 1945 1190 2008 pag.
1210 1928 1278 2006 372.

532 2037 675 2124 Epistola
702 2039 903 2099 collectionis.

258 2143 467 2206 CXXXVIII.
507 2144 571 2204 Nes
598 2165 726 2224 quoque
754 2143 786 2201 in
815 2142 876 2205 Dei
905 2143 1035 2203 nomine
1065 2143 1277 2204 matricularii

176 2227 283 2288 Sancti
306 2227 415 2303 illins,
454 2225 530 2287 dum
550 2226 713 2286 matutinis
735 2225 823 2286 horis
849 2223 890 2286 ad
916 2225 995 2285 ostia
1028 2226 1126 2309 ipsius
1159 2227 1276 2286 Eccle-

174 2310 238 2372 siae
264 2309 459 2370 observanda
482 2309 750 2385 convenissemus,
771 2307 816 2367 ibi
832 2307 1027 2368 infantulum
1048 2308 1276 2391 sanguinolen-

173 2405 243 2455 tum
271 2402 330 2454 etc.
354 2403 389 2449 ut
414 2411 509 2473 supra
527 2413 600 2475 pag.
629 2393 696 2474 379.

515 2505 737 2566 Concambium
763 2502 803 2565 de
831 2505 920 2571 ailla.

254 2609 430 2674 CXXXIX.
472 2609 561 2670 Inter
576 2631 656 2690 qnos
678 2611 790 2670 caritas
813 2610 943 2670 inlibata
963 2609 1183 2690 permanserit,
1202 2629 1274 2691 pars

170 2694 254 2778 parti
282 2692 440 2754 beneficia
466 2701 645 2772 opportuna
666 2701 811 2773 praestat.
853 2693 929 2752 Ideo
945 2694 1065 2773 placuit
1083 2703 1180 2774 atque
1201 2713 1275 2752 con·

171 2777 263 2838 venit
288 2777 373 2836 inter
389 2772 605 2836 venerabilem
632 2776 748 2837 Virum
774 2775 867 2834 illum
888 2796 928 2835 ex
950 2775 1104 2857 permisso
1126 2775 1275 2857 apostoli-

171 2881 209 2927 co
234 2857 315 2924 Viro
344 2858 402 2919 illo
429 2865 489 2920 etc.
511 2869 544 2916 ut
568 2877 664 2940 supra
688 2878 760 2942 pag.
783 2858 852 2922 520.

530 2973 734 3034 Commutatio
757 2970 796 3032 de
819 2985 911 3037 terra.

253 3081 350 3146 CXL.
393 3083 481 3143 Inter
497 3103 577 3163 quos
600 3081 711 3142 caritas
732 3080 864 3140 inlibata
886 3080 1107 3163 permanserit,
1130 3101 1203 3162 pars
1221 3104 1276 3163 pa-

169 3169 196 3232 ri
219 3189 279 3230 sno
302 3177 481 3248 opportuna
505 3174 536 3225 et
557 3185 698 3245 congrua
715 3163 869 3224 beneficia
891 3184 955 3223 non
977 3162 1156 3242 denegabit.
1185 3166 1276 3224 Ideo-

169 3275 244 3334 que,
269 3249 446 3312 auxiliante
469 3247 608 3307 Domino
636 3256 755 3323 nostro,
782 3245 904 3328 placuit
932 3255 1028 3328 atque
1054 3246 1207 3306 convenit
1229 3247 1275 3306 in·

168 3347 218 3398 tor
239 3333 334 3394 iilum
360 3340 392 3392 et
415 3330 509 3390 illum
533 3339 592 3390 etc.
620 3343 653 3388 ut
676 3350 772 3411 supra
788 3345 859 3411 pag.
888 3330 957 3393 553.

395 3445 654 3506 Concantbiatura
677 3445 760 3503 inter
786 3443 867 3504 duos
897 3419 1042 3510 Abbates.⁶

250 3562 363 3625 CXLI.
403 3561 547 3637 Placuit,
570 3561 747 3620 auxiliante
764 3555 913 3638 Domitio,
931 3571 1026 3642 atque
1049 3559 1206 3622 convenit
1223 3561 1275 3620 in-

167 3658 217 3722 ter
230 3644 446 3724 venerabilem
462 3645 577 3705 Virum
591 3644 685 3703 illum
703 3644 857 3704 Abbatem
871 3644 909 3704 de
929 3643 1123 3704 Monasterio
1143 3643 1202 3703 1110
1222 3643 1276 3704 vel

167 3730 449 3812 congregationem
468 3727 654 3787 Monasterii
676 3727 738 3803 sui,
766 3738 892 3788 necnon
910 3735 969 3790 etc.
993 3738 1134 3808 utsupra
1146 3745 1180 3808 p.
1203 3723 1276 3802 406.

428 3841 593 3903 Cautiones
620 3841 749 3901 dt'uerso
775 3841 868 3903 modo
885 3840 1005 3923 saetae.

182 3985 185 3988 ·
246 3960 379 4024 CXLII.
420 3958 558 4020 Domino
574 3955 653 4016 mihi
673 3958 813 4039 propitio
836 3956 894 4023 illi.
916 3960 1001 4017 Dum
1021 3956 1061 4018 ad
1079 3957 1277 4038 meampeti-
1344 3967 1345 4036 ,

166 4048 298 4122 tionem,
322 4043 542 4120 necessitatem
561 4061 663 4100 meam
684 4039 874 4120 supplendo,
897 4052 1000 4102 vestra
1015 4039 1139 4101 bonitas
1161 4040 1277 4102 habuit
1344 4047 1345 4090 l

167 4127 344 4204 utsolitlns
367 4135 470 4188 tantos
493 4125 532 4186 tle
571 4123 667 4183 rebus
696 4122 809 4185 vestris
840 4121 919 4182 mihi
942 4122 1164 4204 praestaretis,
1200 4125 1275 4184 ideo

166 4201 225 4296 por
248 4204 496 4292 bocainculum
523 4205 680 4268 cautionis
705 4201 850 4294 spondeo
872 4210 933 4288 ele.
948 4219 980 4266 nt
999 4226 1094 4287 supra
1107 4226 1179 4289 pag.
1203 4207 1274 4268 330.
