2734 4990
205 234 277 308 466
592 309 594 316 ,
656 205 860 308 resumas

204 371 366 477 dispectus
390 401 422 452 et
441 391 595 466 desertus,
618 392 657 452 ab
685 390 815 452 inimico
842 402 890 455 est
914 404 1089 476 perventus
1109 405 1143 460 et
1164 416 1226 478 per
1245 399 1310 458 lin..

205 499 267 560 gau
291 487 324 538 et
339 495 398 556 per
416 483 536 556 pectus.
576 474 697 544 Nolite,
719 475 855 551 Domus,
878 477 978 538 nolite
994 478 1097 556 fortis,
1119 480 1223 540 nolite
1247 503 1310 542 cre·

205 563 281 620 dere
305 567 405 618 tantas
430 559 539 617 fortes.
591 557 655 616 Per
678 558 783 616 Deum
809 558 880 618 iuro
913 569 944 618 et
973 581 1074 620 sacras
1101 561 1223 637 fontis,
1256 585 1309 644 per

103 669 108 674 ·
205 641 281 702 Sion
307 651 340 702 et
359 638 451 701 Sinai
476 639 609 714 montis,
639 636 770 698 falsator
791 649 838 700 est
865 641 945 717 ille,
981 643 1081 704 factus
1109 646 1309 728 excogitator

203 733 251 784 est
283 723 467 798 defamatus
490 721 684 780 deformatus
706 720 811 798 vultu,
835 732 867 781 et
891 724 1063 784 deformata
1092 737 1178 787 sunt.
1225 731 1309 804 Qua-

203 805 244 866 lis
265 814 312 866 est
337 804 471 880 animus,
492 803 565 864 talis
590 813 637 864 est
655 811 764 864 status.
812 806 883 864 lion
908 815 956 866 est
982 805 1076 868 homo
1102 808 1183 884 hie,
1218 812 1310 870 miser

201 888 275 948 talis
295 887 399 962 latrat,
422 885 478 946 sed
501 905 564 944 uon
587 895 624 946 ut
649 885 738 944 canis
759 886 872 967 psallat
904 887 942 946 de
964 898 1064 970 trapa,
1086 900 1121 950 ut
1152 893 1309 974 linguaris

202 971 319 1032 dilator
344 967 459 1043 maior,
481 967 580 1030 nullis
602 968 672 1030 talis
692 967 821 1028 falsator
844 969 986 1050 grunnit,
1008 982 1077 1052 post
1097 974 1211 1035 telone
1234 975 1308 1034 buc·

201 1075 252 1114 cas
278 1052 389 1127 inflat,
420 1050 452 1108 in
484 1058 590 1110 rotare
621 1049 730 1110 crehat
759 1060 791 1110 et
815 1051 916 1111 currit
946 1051 978 1112 in
1006 1055 1145 1132 sudore,
1178 1057 1308 1116 ssenmas

202 1136 296 1195 iactat
325 1135 358 1193 iu
381 1131 519 1214 pudore;
551 1133 676 1192 nullum
704 1152 782 1193 vero
807 1133 885 1194 facit
904 1155 1021 1214 pavere
1043 1139 1099 1216 qui
1122 1159 1191 1198 nou
1218 1139 1308 1198 habet

202 1219 381 1278 adiutorem
403 1233 500 1294 super
521 1215 700 1275 secundum
721 1235 828 1274 meum
853 1226 991 1277 tutorem
1011 1237 1075 1278 non
1096 1240 1209 1280 meum
1222 1255 1264 1266 —-
1284 1259 1308 1268 -

201 1301 264 1360 lale
285 1300 438 1359 baronem
462 1307 625 1356 non-ssco
652 1306 765 1357 contra
787 1296 946 1358 insontem
969 1320 1033 1359 nou
1060 1314 1306 1362 cessat—---

201 1383 242 1442 ab
264 1389 414 1462 exsperto
437 1398 581 1438 sacco-
600 1413 639 1424 -
658 1414 700 1426 —
716 1415 757 1424 *-
778 1401 854 1440 acco
881 1387 914 1440 et
938 1381 1016 1442 salte
1040 1383 1200 1448 detrascia
1216 1422 1304 1433 ———

200 1485 266 1524 non
288 1464 400 1522 timere
421 1459 507 1520 falco
526 1482 591 1520 non
610 1462 725 1542 perdas
753 1461 809 1520 illo
831 1460 920 1539 loco,
952 1485 1017 1523 non
1039 1465 1127 1526 vales
1157 1490 1229 1530 uno
1255 1492 1302 1530 cn-

199 1568 250 1623 co,
278 1566 342 1606 non
366 1543 497 1606 simulas
518 1552 574 1602 tao
594 1552 703 1626 patre,
729 1564 804 1605 vere
827 1541 888 1604 iaec
913 1553 968 1604 tua
987 1558 1105 1621 nistre,
1129 1570 1198 1610 non
1234 1575 1303 1634 gau-

201 1630 274 1690 deas
300 1629 339 1689 de
363 1627 494 1700 dentes,
524 1624 682 1686 deformas
711 1636 783 1690 tuos
808 1636 966 1708 parentes.
1008 1628 1059 1690 Ad
1081 1637 1134 1690 tna
1154 1633 1303 1696 falsatam

200 1711 272 1773 talis
293 1711 386 1773 decet
409 1727 536 1782 corona.

656 1841 848 1910 Indiculum.

282 1961 357 2029 XV.
399 1961 504 2023 Nolite
533 1964 704 2036 Domnae,
735 1959 836 2021 nolite
865 1969 1012 2039 sanctae,
1039 1961 1141 2022 nolite
1169 1964 1300 2026 credere

197 2045 321 2108 fabulas
350 2044 464 2106 falsas:
496 2043 573 2125 quia
601 2043 737 2102 muitum
763 2041 887 2103 hahetis
915 2044 1096 2120 falsatores,
1126 2046 1186 2126 qui
1215 2049 1300 2108 robis

198 2131 368 2212 proferunt
388 2128 484 2187 falsos
497 2147 669 2201 sermones,
691 2123 756 2184 furi
781 2134 875 2206 atque
897 2125 1052 2202 maronis,
1076 2125 1190 2190 similis
1210 2131 1301 2190 etiarn

198 2221 232 2272 et
260 2208 463 2279 susurronis;
491 2219 523 2268 et
548 2209 658 2282 vobis,
687 2207 853 2282 Domana,
885 2228 951 2266 non
977 2217 1073 2268 erunt
1101 2212 1299 2289 protectoris.

198 2295 307 2355 Latrat
328 2291 451 2370 vulpis,
481 2291 623 2350 sednon
644 2297 679 2348 ut
700 2287 796 2354 canis.
839 2290 948 2350 Fallat
971 2290 1028 2348 mit
1047 2311 1173 2371 semper
1197 2293 1298 2353 inanis

199 2385 290 2434 cauta
311 2373 446 2456 proferit
466 2372 527 2430 iam
549 2393 612 2431 non
635 2374 749 2431 fronte.
792 2371 863 2430 Cito
880 2372 1014 2432 decedet
1028 2380 1099 2430 ante
1114 2395 1195 2432 cano
1208 2377 1298 2435 forte.

198 2457 297 2520 Volat
323 2477 426 2536 apua,
450 2463 481 2514 et
504 2475 568 2513 non
597 2453 730 2512 arundo.
760 2452 838 2512 istco
859 2453 1031 2514 commedit
1059 2453 1091 2512 in
1114 2476 1148 2513 so
1168 2458 1297 2520 frando.

197 2538 326 2599 Humile
355 2536 431 2595 facil
456 2546 546 2614 capla
573 2535 670 2611 dura,
695 2534 777 2594 sicut
799 2535 915 2595 dilatus
941 2535 973 2596 in
999 2535 1149 2596 falsatura
1169 2539 1299 2598 falsator

197 2622 287 2688 vadit
315 2627 465 2698 tanquam
486 2619 586 2694 latro,
617 2617 657 2678 ad
683 2637 758 2676 aura
783 2617 909 2698 psallit,
940 2619 1134 2678 utEscotus
1161 2623 1297 2697 mentit,

198 2699 323 2784 semper
344 2701 431 2762 vadit
451 2700 583 2776 toritas,
604 2709 636 2758 et
656 2698 773 2758 occidit
795 2699 881 2778 quod
903 2720 1067 2779 nunquam
1088 2701 1179 2762 vidit.
1233 2707 1297 2762 No-

198 2786 255 2847 lite
278 2787 421 2860 Domnae
441 2792 535 2862 atque
555 2781 720 2864 prudentis
737 2791 855 2841 vestras
875 2801 938 2839 non
955 2782 1146 2864 ‘confrangat
1163 2787 1297 2860 mentis,

198 2877 230 2929 et
252 2887 316 2926 non
339 2865 565 2945 derelinquere
586 2873 758 2925 servantes.
801 2864 939 2944 Tempus
961 2865 1093 2942 quidem
1116 2866 1178 2926 iam
1202 2876 1299 2927 mans-

198 2961 296 3014 uetus.
337 2949 379 3007 Et
403 2945 465 3007 hoc
494 2946 557 3006 feei
586 2944 672 3024 quod
701 2943 788 3010 vobis
814 2943 877 3004 fuit
905 2943 1063 3025 adeptum.
1106 2947 1174 3008 Iam
1204 2951 1297 3010 modo

198 3055 257 3117 per
276 3030 373 3094 verba
389 3027 517 3090 fallacia
535 3049 646 3090 sexum
664 3025 805 3087 deiectus
827 3026 866 3086 de
886 3035 990 3086 vestra
1010 3029 1118 3110 gratia.

613 3161 732 3244 Incipit
751 3157 877 3225 edictio.

279 3278 366 3340 xvl.
409 3277 490 3334 Cam
511 3273 544 3332 in
565 3272 744 3354 praesentia
765 3271 903 3334 inluster
925 3273 975 3335 vir
994 3274 1040 3339 ill.
1062 3274 1119 3335 illo
1142 3278 1294 3340 mallavit.

200 3361 263 3424 Sed
283 3361 338 3420 ille
362 3358 456 3440 petiit
481 3364 514 3416 ut
538 3356 690 3430 scriberet
713 3354 799 3438 quod
820 3355 950 3435 petivit,
973 3356 1063 3417 irrita
1086 3359 1295 3440 Imperatores

199 3451 388 3508 sancserunt
411 3441 537 3500 decreta
556 3446 591 3496 ut
613 3437 721 3497 nullus
741 3459 758 3495 a
778 3435 900 3497 iudicio
919 3439 1080 3521 suscipere
1098 3446 1294 3522 praecurrit,

200 3519 364 3606 antiquam
387 3519 540 3582 solemnia
568 3519 771 3599 patefecerit,
798 3529 834 3578 ut
857 3519 907 3580 his
938 3521 994 3603 qui
1025 3521 1120 3582 fidem
1152 3525 1236 3588 datis
1266 3536 1295 3587 et

202 3629 263 3668 nec
286 3604 402 3665 obiecti
423 3612 497 3663 sunt
517 3600 737 3680 praeamaticis
753 3600 902 3664 dictionis
923 3606 990 3663 Lex
1007 3625 1111 3684 poena
1126 3611 1294 3673 succurrit.

199 3687 328 3752 Edictio
348 3687 479 3768 inquam
495 3684 546 3762 ,ob
570 3705 638 3744 rem
663 3683 776 3764 petitio
804 3683 837 3742 in
865 3694 1038 3766 conspectu
1065 3689 1294 3767 magnitudinis

201 3769 316 3846 vestri,
343 3779 379 3829 ut
407 3767 503 3826 homo
529 3785 644 3825 nomen
672 3764 721 3824 illi
750 3786 801 3826 res
825 3764 896 3828 illas
920 3777 991 3850 post
1013 3789 1045 3827 se
1073 3771 1149 3829 mali
1180 3774 1294 3834 ordine

198 3861 445 3939 praeoccupasse
470 3847 663 3924 dinoscitur,
685 3856 718 3906 ut
737 3846 799 3906 hoc
823 3857 926 3908 vestra
945 3849 1115 3929 prudentia
1135 3853 1297 3936 integrum

201 3948 233 4000 et
254 3934 364 4018 legalis
390 3931 546 3994 sententia
568 3929 705 3992 debeant
733 3928 877 3990 definire.
925 3933 972 3991 Ea
997 3951 1074 3992 vero
1095 3935 1223 3996 scilicet
1243 3960 1296 3996 ra-

198 4008 264 4094 tio,
288 4027 323 4077 ut
347 4015 427 4076 siin
451 4011 658 4074 constitutum
681 4011 834 4092 placitum
856 4033 906 4072 res
931 4011 1001 4073 illas
1021 4013 1099 4073 mihi
1125 4015 1295 4080 iustissime

200 4101 321 4177 debitas
342 4097 515 4180 adprobare
540 4115 604 4178 non
626 4103 778 4176 potuero,
807 4103 844 4154 nt
866 4095 936 4155 Lex
956 4097 1117 4156 mundana
1141 4099 1295 4162 Theodo-

197 4180 287 4246 siano
308 4177 440 4264 corpore
462 4177 629 4239 arbitratus
649 4173 817 4255 discernit,
841 4197 890 4238 me
910 4176 1116 4261 impleturum
1133 4201 1203 4244 esse
1228 4184 1295 4265 pol·
