2676 4976
181 279 256 354 tid
642 299 834 354 romana

54 485 64 496 -
177 452 210 506 st
236 459 296 526 per
319 437 493 502 duodecim
517 439 708 522 Apostolos,
740 450 773 502 et
797 461 856 522 per
884 443 1084 526 septuaginta
1113 446 1182 512 duos
1199 453 1252 513 Dis-

177 523 319 609 cipulos,
355 531 477 604 caper
504 522 677 584 duodecim
706 523 911 608 Prophetas,
950 534 984 586 ct
1015 526 1124 610 uiginti
1149 542 1253 614 quatuor

175 608 325 670 Seniores
357 604 415 686 qni
445 604 570 666 assidue
604 605 782 668 Dominum
811 607 967 684 laudant,
1003 619 1036 670 et
1068 631 1124 692 per
1156 626 1253 676 centon

174 688 385 772 quadraginta
411 697 549 769 quatuor
578 689 681 748 millia
705 709 787 771 quae
817 703 999 772 sequuntur
1023 692 1154 774 Agnum,
1171 707 1197 756 et
1216 722 1253 778 per
1305 745 1306 770 2

172 772 280 833 omnia
302 770 427 853 agsnina
448 781 632 832 sanctornm
644 772 855 854 Angelorum,
876 773 1158 855 Archangelum,
1173 779 1248 839 Thro-

90 911 98 926 ,
172 877 304 930 norum,
332 853 616 931 nominationum,
650 854 917 936 Principatuum,
945 859 1147 934 Potestatum,
1174 863 1253 923 Virtu-

172 948 262 1014 tum,
300 935 468 998 Cherubin
496 947 592 1019 atque
617 936 787 1019 Seraphin,
814 947 847 999 et
869 959 927 1019 per
949 938 1061 1000 omnia
1077 942 1172 1002 millia
1188 967 1254 1005 sanc·

174 1031 282 1080 torum
312 1021 509 1102 Martyrum,
542 1019 770 1082 Confessorum
798 1029 831 1082 et
859 1019 1045 1106 Virginem.
1106 1025 1211 1086 Adiuro
1234 1037 1254 1087 te

172 1123 232 1188 per
257 1101 610 1183 sanguinem'Domini
639 1102 740 1164 nostri
778 1101 853 1166 Iesu
885 1103 1035 1184 Christi,
1070 1115 1101 1168 et
1120 1129 1173 1192 per
1198 1131 1255 1190 qua·

172 1195 247 1248 tuor
269 1184 459 1266 Evangelia,
482 1193 515 1244 et
539 1205 597 1266 per
620 1195 761 1266 quatuor
775 1186 1012 1270 Evangelistas,
1033 1209 1154 1250 necnon
1171 1200 1199 1252 et
1216 1211 1256 1272 per

174 1267 376 1352 septuaginta
401 1266 481 1327 duos
506 1267 605 1330 libros
634 1268 752 1330 veteris
779 1289 815 1329 no
839 1270 916 1331 nori
942 1270 1151 1345 Testamenti,
1172 1281 1199 1334 et
1216 1294 1255 1354 par

177 1371 287 1413 omnes
326 1347 503 1431 Scriptores
529 1360 653 1414 sanctos
680 1371 716 1410 ac
747 1351 902 1414 Doctores
930 1373 1053 1416 eorum.
1110 1353 1214 1416 Adiuro
1235 1364 1255 1413 te

176 1455 236 1517 per
265 1442 405 1494 sanctam
433 1432 612 1494 Ecclesiam
636 1431 846 1510 catholicam,
879 1443 913 1496 et
939 1455 999 1518 per
1027 1435 1256 1499 resurrectionen

177 1535 300 1592 eornm,
323 1525 360 1576 ut
387 1515 443 1576 fias
468 1535 551 1598 aqna
575 1513 773 1591 exorcizata,
809 1517 975 1594 adiurata,
1004 1527 1037 1578 et
1055 1518 1202 1582 obfirmata
1218 1519 1256 1576 ad·

179 1619 291 1661 versus
314 1595 480 1659 inimicum
514 1597 653 1658 hominis
680 1597 852 1660 Diabolum
887 1609 920 1659 ct
946 1599 1099 1661 adversus
1128 1601 1255 1662 hominen

177 1682 233 1764 qni
261 1680 357 1741 abeo
384 1678 536 1741 seductus
563 1682 687 1744 furtum
714 1680 776 1742 boo
802 1683 854 1744 vel
880 1681 1094 1744 homicidium
1118 1693 1166 1744 aut
1193 1683 1255 1742 adal·

177 1763 305 1838 teriam,
328 1761 415 1823 uude
436 1763 518 1824 ratio
540 1764 665 1846 agitur,
695 1765 908 1846 perpetravit,
948 1774 985 1824 ot
1017 1767 1255 1827 nallatenoseum

178 1847 212 1908 in
243 1855 273 1907 tc
296 1845 457 1930 submergi
480 1855 534 1905 aut
554 1847 588 1906 in
610 1846 809 1928 profundum
829 1847 913 1909 trahi
935 1849 1110 1930 permittas,
1131 1848 1180 1910 sed
1201 1869 1215 1905 a
1234 1856 1254 1905 te

140 1957 143 1968 ¹
178 1929 315 2012 repellas
353 1937 449 2010 atque
496 1927 650 2005 reiicias,
688 1949 796 2010 neque
829 1928 961 2013 patiaris
994 1931 1135 2012 recipere
1169 1949 1254 2010 corpus

179 2012 267 2094 quod
288 2011 327 2072 ab
348 2030 447 2074 onera
466 2010 620 2073 bonitatis
640 2009 736 2072 inane
759 2021 806 2074 est
835 2011 979 2085 lactum3
1008 2014 1063 2074 sed
1088 2012 1168 2094 quod
1192 2018 1254 2071 caret

203 2093 323 2155 undere
344 2093 483 2172 virtutis,
506 2104 612 2155 careat
630 2093 774 2175 pondere
800 2095 949 2178 propriae
980 2095 1167 2159 substantiae
1185 2095 1211 2154 in
1226 2103 1254 2152 ta.

178 2117 376 2240 innocentes
398 2198 475 2237 vero
494 2199 513 2236 a
533 2177 697 2256 praedicto
730 2177 868 2240 crimine
891 2199 981 2240 more
1009 2199 1109 2260 aquae
1130 2179 1159 2237 in
1183 2186 1207 2234 te
1223 2193 1255 2234 re·

180 2261 303 2341 cipias,
338 2269 370 2318 et
393 2260 425 2318 in
454 2260 653 2343 profundum
679 2258 837 2322 innocuos
865 2261 1044 2344 pertrahas.
1092 2261 1149 2323 Per
1172 2255 1254 2320 Domi·
1306 2303 1307 2332 ,

186 2363 263 2402 num
286 2348 441 2402 nostrum.

262 2425 341 2483 Post
368 2423 423 2482 laos
445 2436 547 2484 autem
567 2423 804 2486 coniurationes
829 2445 949 2507 cquae,
973 2437 1129 2488 exuantur
1148 2423 1254 2484 homiues

182 2505 239 2589 qui
261 2503 409 2564 mittendi
431 2518 504 2565 eunt
530 2507 565 2566 iu
585 2527 701 2588 uquam
715 2509 856 2592 propriis
878 2510 1073 2568 vestimentis
1105 2521 1133 2566 et
1151 2505 1255 2566 asculan

188 2601 240 2648 tur
258 2585 375 2666 singuli
394 2585 595 2666 Evangelium
617 2599 647 2648 et
669 2611 790 2650 crucem
813 2589 951 2666 Christi,
974 2605 1007 2650 et
1027 2611 1108 2671 uque
1127 2585 1254 2651 benedicto

184 2689 280 2751 super
303 2689 410 2728 omnes
436 2683 638 2752 aspergatur-s
667 2685 697 2731 et
725 2673 780 2752 psai
806 2671 921 2732 adsunt
948 2691 1057 2732 omnes
1078 2671 1255 2744 ieiunorium

178 2753 224 2811 sic
237 2751 450 2832 proiiciantur
463 2753 580 2832 singuli
598 2757 632 2812 in
652 2773 774 2836 uquam.
816 2753 902 2814 Etsi
921 2755 1077 2814 submersi
1089 2754 1208 2834 fuerint,
1223 2751 1254 2805 in·

113 2877 114 2882 κ
179 2833 349 2919 culpabiles
362 2846 553 2917 reputentur.
585 2836 622 2896 Si
635 2856 730 2920 super
745 2837 934 2912 nutaverint,
953 2839 1003 2895 rei
1019 2857 1084 2896 esse
1105 2833 1254 2894 iudicentur.

347 2950 467 3033 Incipit
485 2947 646 3010 adiunctio
669 2948 758 3030 ferri
776 2949 831 3009 vel
850 2971 948 3034 oquae
961 2948 1127 3030 ferventis.

239 3049 321 3120 .1V,
360 3054 401 3116 In
421 3054 533 3136 simplo
555 3075 651 3112 uuum
668 3047 812 3134 pondus,
834 3055 868 3113 in
889 3055 984 3138 triplo
1012 3056 1076 3115 trin
1090 3053 1203 3134 fcrrurn
1220 3069 1253 3106 oe·

189 3138 333 3219 quiparct
344 3136 509 3224 pondero,·
529 3148 560 3195 et
580 3139 614 3196 in
635 3135 692 3194 ille
714 3134 911 3200 adiuratione
933 3157 997 3196 non
1019 3137 1136 3210 adsint,
1148 3146 1177 3192 ut
1190 3151 1255 3213 prae·

187 3220 340 3293 diximus,
365 3220 427 3280 nisi
450 3219 558 3285 ieiuni.
599 3217 642 3278 Et
663 3216 756 3277 dictis
778 3219 914 3288 letaniis,
937 3221 982 3279 sic
1010 3217 1160 3278 Sacerdos
1181 3219 1208 3274 in
1224 3212 1254 3268 lo·

180 3323 216 3362 co
239 3301 293 3362 ubi
303 3299 430 3381 serrum
457 3299 651 3372 accenditur,
673 3301 728 3360 vel
751 3321 832 3384 aque
853 3299 1093 3382 infervescutur,
1114 3297 1253 3358 adiuratio-

179 3405 253 3446 nem
278 3383 434 3462 initiando
459 3385 593 3450 inchoet.

262 3494 349 3552 Deus
367 3491 428 3572 qui
458 3512 525 3574 per.
545 3490 656 3573 ignem
675 3490 766 3572 signa
793 3511 909 3572 magne
930 3492 1102 3554 ostendens
1125 3482 1252 3547 Abraham
1307 3525 1308 3528 ,

178 3593 317 3659 puerum
335 3582 428 3634 tuum
449 3573 489 3634 de
511 3573 663 3636 incendio
685 3573 920 3634 Chaldaeorum
939 3573 1252 3656 quibusdampereun

178 3657 266 3719 tibus
284 3656 407 3731 eruisti,
425 3657 512 3734 Deus
526 3655 585 3735 qui
601 3657 719 3716 rubum
739 3655 851 3716 ardere
868 3666 941 3717 ante
957 3663 1159 3737 conspectum
1174 3650 1251 3727 Moysl

179 3751 215 3803 et
232 3739 363 3800 minime
385 3736 529 3800 comburi
550 3737 735 3818 permisisti,
757 3740 843 3798 Deus
865 3739 921 3820 qui
945 3741 984 3798 ah
1004 3737 1153 3800 incendio
1172 3733 1250 3792 forat·

180 3825 225 3888 cis
249 3811 432 3886 Chaldaicis
454 3820 616 3902 plerisque
650 3819 811 3881 succensis
833 3828 896 3882 trae
916 3838 1032 3903 pueros
1061 3829 1130 3879 tuos
1152 3814 1250 3874 illaesos

182 3903 343 3982 eduxisti,
378 3905 465 3966 Dcus
497 3902 554 3982 qni
585 3902 736 3966 incendio
768 3902 851 3984 ignis
883 3904 1039 3986 populum
1068 3901 1206 3992 Sodomae
1227 3898 1250 3950 el

181 3992 355 4062 Gomorrae
385 3985 574 4062 involvens,
615 3985 698 4048 Loth
729 3986 885 4046 famulum
912 3996 1004 4048 tuum
1037 4007 1108 4048 cum
1136 3999 1190 4042 ems
1216 3994 1248 4033 sa·

181 4071 241 4129 luti
268 4071 404 4144 macari,
425 4073 513 4130 Deus
534 4069 644 4150 quiin
672 4067 814 4130 adventu
834 4070 935 4130 sancti
964 4069 1098 4152 Spiritus
1131 4063 1248 4124 inlustra·

182 4154 270 4214 tione
292 4152 507 4234 iguisssfideles
533 4160 605 4213 tuos
637 4151 675 4212 ab
694 4149 892 4213 infidelibus
919 4151 1116 4214 decrevistit
1144 4135 1246 4207 munde

183 4235 333 4298 noticia
360 4235 424 4298 hoc
442 4233 760 4320 partitatismartrae
790 4234 936 4298 eramiae
965 4223 1246 4299 sinuuuaiudea
