2684 4990
415 337 421 346 ,
450 271 504 334 «DE
522 265 827 326 ornrnnmmru·
1118 252 1191 326 763

63 427 154 472 Ἰοιιηιε
170 411 329 478 subiectis,
354 397 472 468 mundis
487 407 533 462 bic
551 410 670 478 regiture
695 409 842 462 auctoritas
864 425 939 462 sacra
962 411 1141 475 Pontificum,
1168 421 1196 465 et

64 481 180 549 Regalis
198 493 341 553 potestas:
362 483 391 534 in
410 480 507 552 quibus
518 483 649 550 personis,
665 480 738 548 sicut
752 479 876 530 ordinum
893 488 957 536 suut
973 483 1058 534 divisa
1075 482 1198 538 vocabu.

65 554 114 615 la,
136 556 178 606 ita
197 563 266 606 sunt
284 553 406 607 etdivisa
420 553 448 603 in
464 568 633 621 unoquoque
650 551 744 602 ordine
764 567 795 600 ac
811 550 976 619 professione
996 554 1199 606 ordinationum

67 623 171 676 officia.
211 625 370 690 Diligenter
389 623 469 687 igitur
487 623 603 691 quisque
626 619 710 672 debet
738 619 767 672 in
783 619 879 670 ordine
900 629 927 674 et
948 623 1114 688 professione
1137 641 1196 685 sua,

68 712 128 764 quo
142 695 262 748 nomine
281 703 423 754 censetur,
441 691 599 753 attendere,
624 699 652 742 et
663 706 823 759 magnopere
836 689 991 758 providere,
1015 711 1051 745 ue
1072 713 1087 744 a
1098 731 1099 738 κ
1110 694 1198 746 uomi-

66 765 365 818 nediscordetofficio.
386 762 508 813 Primum
524 779 654 831 namque,
675 768 706 812 ut
721 761 748 810 B.
765 761 916 829 Cyprianus
931 760 1009 822 dicit,
1028 763 1062 813 ab
1077 765 1197 832 Episco-

65 853 124 906 po,
143 833 280 907 quidsui
293 829 555 899 ncminisdignitas
573 843 682 890 teneat,
709 831 894 901 inquiratur:
923 833 1056 900 quoniam
1082 835 1199 904 Episco-

67 924 141 975 pus,
163 921 227 954 cum
244 921 375 972 graecum
390 919 490 952 rzomen
507 904 562 962 sit,
581 901 741 970 speculator
760 900 971 969 interpretatur.
1011 906 1102 968 Quare
1129 919 1198 955 vero

70 994 83 1023 s
105 973 384 1042 eculatorponitur,
412 982 439 1021 et
455 969 525 1040 quid
541 989 558 1022 a
574 969 748 1039 speculatore
768 971 952 1040 requiratud,
978 971 1114 1024 Dominus
1143 974 1200 1041 ipse

93 1042 212 1104 enudat,
231 1058 293 1094 cum
308 1043 357 1094 sub
365 1039 524 1092 Ezechielis
536 1037 686 1110 prophetae
698 1055 817 1106 persona
827 1041 965 1108 Episcopo
982 1042 1070 1112 officii
1085 1043 1130 1092 sui
1151 1059 1200 1092 ra-

72 1117 179 1165 tionem
194 1109 365 1174 denunciat,
375 1112 416 1160 ita
432 1111 570 1180 inquiens.
582 1108 786 1178 Speculatorem
796 1105 887 1160 dedite
906 1107 1199 1178 domuttsratetspm
1228 1161 1231 1168 ,

73 1181 207 1234 calatoris
228 1181 351 1233 officium
378 1187 435 1241 est,
461 1188 494 1230 ut
517 1178 657 1231 commisso
677 1176 727 1227 sibi
754 1177 873 1246 populo,
902 1181 1026 1249 exemplo
1052 1189 1080 1234 et
1101 1179 1198 1240 verbo,

70 1250 195 1322 qualiter
209 1251 308 1304 vivere
324 1249 443 1312 debeat,
467 1248 636 1299 incessanter
653 1248 814 1298 annuntiet:
841 1248 913 1299 sieut
939 1249 973 1312 de
998 1249 1121 1312 Christo,
1150 1250 1200 1318 qui

67 1320 150 1389 sequi
183 1337 236 1381 se,
258 1321 288 1372 id
301 1327 362 1388 lest,
382 1317 481 1368 imitari
497 1318 651 1387 praecipit,
671 1316 802 1386 scriptum
826 1325 886 1370 est:
923 1319 998 1382 Quae
1021 1323 1097 1388 capit
1121 1322 1199 1373 lesus

7 1419 9 1428 =
61 1393 171 1462 ficere
196 1403 226 1442 ct
247 1388 364 1441 docere:
384 1388 467 1454 etsie
485 1389 567 1441 vitam
584 1404 616 1438 ac
631 1403 719 1438 mores
742 1385 792 1450 sibi
808 1385 1008 1440 commissorum
1033 1391 1200 1459 speculetur,

69 1459 241 1511 attendere:
275 1466 303 1511 et
317 1467 462 1528 postquam
480 1457 648 1519 attenderit,
673 1473 811 1519 sermone,
839 1458 860 1507 si
878 1458 993 1525 poterit,
1014 1470 1041 1512 et
1060 1468 1123 1512 actu
1144 1457 1202 1512 aar·¹

68 1530 179 1594 rigere:
209 1536 239 1580 et
258 1528 279 1578 si
294 1545 349 1598 non
362 1526 481 1597 poterit,
507 1527 586 1580 iuxta
602 1525 793 1592 Evangelicam
813 1528 933 1593 regulam
951 1530 1086 1596 scelerum
1107 1547 1201 1601 operaq

68 1599 125 1652 rios
142 1597 234 1650 debet
250 1598 397 1651 declinare.
582 1601 587 1618 ¹
609 1597 611 1604 '

142 1715 195 1770 VI.
235 1716 275 1768 Er
286 1719 345 1768 Rex
362 1715 392 1767 in
412 1714 557 1783 semetipso
574 1712 691 1766 nominis
711 1711 753 1764 sui
771 1711 931 1780 dignitatem
947 1716 1086 1770 custodire
1104 1716 1201 1778 debet.

70 1789 184 1840 Nomen
201 1786 276 1838 enim
294 1785 362 1852 regis
374 1784 602 1837 intellectualiter
618 1785 671 1836 hoc
686 1783 796 1846 retinet,
811 1794 841 1837 ut
858 1785 988 1839 subiectis
1003 1787 1129 1840 omnihus
1146 1807 1205 1842 rec-

68 1859 138 1910 toris
158 1856 280 1909 officium
293 1863 429 1926 procuret.
456 1854 510 1906 Sed
525 1855 644 1924 qualiter
662 1853 728 1904 alios
742 1856 871 1919 corrigere
885 1851 998 1925 poterit,
1019 1857 1066 1928 qui
1082 1860 1202 1928 proprios

70 1946 184 1990 mores,
204 1944 243 1980 ne
261 1925 349 1996 iniqui
366 1927 436 1987 sint,
455 1941 510 1976 non
526 1923 654 1990 corrigit?
680 1924 808 1992 quoniam
830 1925 935 1978 iustitia
964 1929 1041 1992 Regis
1053 1928 1202 1980 'exaltatur

71 1997 192 2061 solium,
228 2005 258 2049 et
279 1996 394 2051 veritate
412 1995 563 2046 solidantur
579 1994 764 2060 gubernacula
777 1997 950 2064 populorum.
986 1999 1145 2067 Quaerere
1162 1999 1197 2050 sit

72 2067 185 2120 iustitia
200 2066 289 2132 regis,
308 2066 382 2118 idern
397 2067 426 2117 B.
448 2063 600 2136 Cyprianus
620 2065 650 2116 in
662 2082 735 2116 nono
751 2063 888 2118 abusionis
901 2066 985 2133 gradu
1008 2066 1205 2132 sufficientissi-

74 2155 120 2192 me
138 2144 285 2190 monstrat.
439 2143 442 2156 ¹

148 2245 216 2298 VII.
253 2246 345 2298 Haurr
362 2245 463 2366 quippe
483 2243 557 2297 Ordo
579 2243 754 2296 sacerdotalis
770 2244 843 2310 leges
858 2244 988 2298 divinitus
1008 2247 1201 2314 promulgatas,

74 2317 203 2385 qualiter
216 2316 365 2385 qnisquea
404 2317 514 2368 culmen
528 2314 673 2380 regiminis,
693 2314 834 2378 videlicet,
854 2315 1032 2386 Episcopatus
1044 2319 1137 2369 venire
1155 2317 1203 2368 de·

72 2385 156 2446 beat,
186 2395 276 2455 atquc
297 2386 332 2437 ad
349 2385 404 2438 hoc
420 2395 494 2438 recte
509 2386 685 2455 perveniens,
706 2385 824 2453 qualiter
840 2384 931 2451 vivat3
961 2393 988 2436 et
1002 2384 1073 2438 bene
1096 2387 1201 2450 vivens,

71 2456 199 2522 qualiter
232 2456 347 2517 doceat,
374 2464 403 2508 et
421 2463 495 2508 recte
513 2456 614 2507 docens
633 2455 822 2514 ,infirmitatem
844 2451 1070 2524 ruam'quotidie
1098 2465 1203 2526 quanta

72 2521 302 2578 consideratione
316 2535 475 2592 cognoscat:
494 2525 612 2594 qualiter
626 2525 706 2577 etiam
724 2524 857 2577 ministros
873 2524 924 2576 sibi
942 2524 1095 2594 subpositas
1109 2545 1201 2592 regere

73 2596 199 2663 debeat3
223 2614 303 2666 quam
314 2614 382 2666 pura
392 2599 474 2648 etiam
490 2595 643 2648 intentione
659 2593 959 2648 sacrosEcclesiasticos
973 2596 1079 2648 ordines
1090 2598 1200 2665 dispen-

75 2685 151 2719 sare:
178 2673 278 2736 etqua
293 2666 457 2718 discretione
471 2665 553 2730 ligare
572 2665 617 2716 vel
632 2665 735 2716 solvere
749 2663 872 2716 subditos
889 2665 996 2716 debeat.
1034 2667 1077 2717 De
1099 2668 1199 2736 quibus

75 2736 192 2802 legibus
208 2736 236 2787 in
253 2736 354 2788 eisdem
367 2736 497 2804 scriptum
515 2743 557 2786 est
575 2733 623 2785 ita.
658 2734 739 2784 Nulli
756 2733 897 2786 sacerdoti
919 2752 983 2784 suos
998 2731 1085 2798 liceat
1109 2740 1202 2788 Carco-

78 2826 129 2860 nes
149 2808 302 2876 ignorare,
332 2823 383 2856 nec
400 2808 548 2875 quicquam
557 2804 676 2872 facere,
705 2801 782 2874 quod
795 2815 906 2871 patrum
927 2806 1015 2871 possit
1031 2806 1137 2872 regulis
1155 2807 1203 2858 ab·

78 2879 177 2928 viare.
217 2876 289 2938 Quia
308 2892 365 2924 non
383 2877 472 2925 minus
490 2874 522 2922 in
539 2871 699 2924 sanctarum
718 2870 902 2930 traditionum
922 2869 1100 2942 delinquitur
1119 2892 1204 2925 sanc·

79 2948 192 3004 tiones,
210 2962 292 3014 quam
312 2944 343 2993 in
363 2945 449 3012 ipsius
466 2943 582 2998 Domini
599 2942 736 2993 iniuriam
752 2941 908 3010 prosilitur.
952 2941 1034 3010 Quod
1059 2943 1116 3000 tale
1146 2952 1200 3005 est,

81 3015 172 3085 quia,
192 3022 224 3064 ut
241 3029 316 3064 sacra
333 3020 465 3064 monstrat
483 3011 646 3073 auotoritas,
668 3018 783 3078 cognata
801 3019 864 3062 sunt
883 3009 1006 3062 Schisma
1033 3019 1060 3064 et
1087 3011 1199 3076 heresis,

83 3101 118 3136 ac
138 3083 160 3134 si
180 3083 239 3133 aliis
264 3080 353 3134 verbis
378 3081 492 3134 dicatur.
534 3081 594 3133 Non
622 3079 710 3132 minus
737 3078 932 3132 Schismatieus
956 3080 1108 3150 delinquit,
1138 3100 1202 3136 curn

84 3151 319 3222 praevaricatione
338 3161 492 3204 sanctarum
510 3151 661 3216 regularum
688 3167 737 3230 per
761 3158 948 3218 contemptum
972 3168 1000 3202 se
1028 3151 1062 3202 ab
1092 3151 1201 3206 unitate

83 3230 199 3274 sanctae
217 3221 374 3284 Ecclesiae,
395 3239 466 3292 quae
485 3236 581 3290 corpus
601 3219 701 3272 Christi
720 3228 776 3281 est,
798 3219 914 3282 dividit,
933 3237 1014 3289 quam
1033 3221 1200 3288 haereticus,

84 3291 136 3363 qui
154 3290 189 3344 de
206 3292 281 3355 Deo,
303 3291 391 3362 capite
410 3289 542 3346 videlicet
559 3289 643 3362 ipsius
661 3289 820 3356 Ecclesiae,
839 3290 912 3342 male
929 3290 1020 3344 sentit.

155 3419 235 3472 Vlll.
271 3417 310 3471 Er
326 3417 398 3470 sicut
416 3418 520 3470 dictum
539 3426 579 3470 est
602 3415 636 3470 de
654 3415 759 3483 legibus
785 3417 999 3480 Ecclesiasticis,
1027 3417 1103 3490 quod
1127 3420 1200 3472 nulli

84 3487 225 3541 sacerdoti
243 3505 304 3540 suos
322 3488 406 3540 liceat
424 3504 542 3539 canones
569 3487 710 3552 ignorare,
736 3504 789 3539 nec
816 3488 962 3558 quicquam
989 3489 1095 3555 facere,
1124 3489 1201 3561 quod

85 3561 196 3611 Patrum
214 3558 298 3638 possit
315 3557 413 3623 regulis
432 3556 556 3624 obviare:
574 3558 614 3608 ita
632 3557 737 3625 legibus
755 3558 837 3609 sacris
856 3558 995 3611 decretum
1016 3565 1077 3622 est',
1108 3571 1140 3616 ut
1158 3561 1201 3612 le-

85 3645 131 3694 ges
150 3645 255 3680 nescire
273 3628 344 3680 nulli
363 3628 461 3689 liceat,
491 3635 539 3680 aut
564 3645 635 3699 quae
662 3635 726 3698 supt
750 3636 871 3691 statuta,
900 3628 1085 3686 contemnere.
1129 3631 1200 3682 Cum

86 3698 159 3750 enirn
178 3698 295 3761 dicitur,
315 3697 385 3749 nulli
403 3697 488 3749 liceat
505 3697 577 3762 leges
595 3698 718 3762 nescire,
745 3699 790 3750 rel
809 3709 963 3769 quaesunt
986 3709 1105 3759 statuta,
1133 3717 1202 3752 con-

84 3768 314 3832 temnerenulla
331 3784 446 3838 persona
464 3767 493 3818 in
512 3785 679 3838 quocunque
698 3768 791 3834 ordine
809 3770 949 3821 mundano
969 3771 1114 3838 excipitur,
1128 3787 1200 3840 quae

83 3837 293 3891 hac'scntentia
309 3856 365 3890 non
385 3837 589 3904 constringatur.
607 3838 718 3892 Habent
736 3839 806 3890 enirn
816 3841 897 3905 Reges
917 3851 943 3892 et
954 3840 1130 3910 Reipublicae
1149 3840 1200 3890 mi-

85 3907 163 3960 nistri
181 3909 270 3974 leges,
290 3908 390 3978 quibus
407 3907 437 3959 in
456 3924 630 3978 quacumque
647 3909 787 3980 provincia
814 3910 942 3974 degentes
968 3925 1061 3976 regere
1087 3911 1198 3964 debent..

84 3976 197 4030 liabent
216 3977 337 4046 capitula
354 3977 567 4030 Christianorum
586 3979 686 4046 llegum
707 3995 738 4030 ac
756 3980 955 4048 progenitarum
973 3999 1101 4044 suorum,
1127 3999 1198 4050 quae

86 4047 206 4111 'generali
233 4045 366 4100 consensu
393 4048 515 4100 fidelium
542 4063 651 4101 suorum
675 4057 770 4101 tenere
795 4049 921 4114 legaliter
951 4052 1197 4118 promulgaverunt.

87 4117 130 4169 De
149 4116 248 4187 quibus
266 4119 293 4168 B.
314 4115 478 4184 Augustinus
497 4117 582 4181 dicit,
601 4119 669 4188 quia'
685 4120 752 4172 licet
771 4118 895 4173 dominas
921 4117 954 4171 da
976 4120 1021 4172 tis
1044 4120 1196 4183 iudicent,

87 4205 149 4244 eum
168 4205 216 4239 aas
232 4188 403 4250 instituunt,
422 4201 514 4240 tamen
529 4189 707 4261 cumsuerint
722 4191 869 4241 institutae
887 4201 970 4259 atque
982 4191 1198 4264 firmatae,non

89 4253 337 4319 licebitiudicibus
350 4255 384 4312 de
402 4258 470 4328 ipsis
484 4255 634 4323 iudicare,
653 4257 705 4318 sed
720 4257 868 4314 secundum
892 4262 974 4330 ipsas.
