2676 4976
193 271 268 344 ⁵24

274 434 471 516 Dioeeesissin
484 435 580 496 aliam
604 448 702 496 trans-

277 521 388 580 euntis.

198 617 243 664 12.
271 602 345 662 Alia
360 602 552 684 breviorpro
566 602 708 662 Diacono

276 683 321 746 ad
336 683 555 745 Sacerdotium
577 701 709 769 promo·

275 765 392 828 vendo.

197 847 243 914 ιδ.
269 848 416 932 Epistola
442 849 645 931 Suffraganei
666 843 711 906 ad

273 933 568 1014 Metropolitanum,
585 930 625 990 de
639 950 710 990 con-

274 1014 430 1076 secrando
438 1013 596 1099 Episcopo
611 1037 631 1073 a
646 1013 708 1072 Re-

272 1115 310 1176 ge
332 1095 505 1177 designato.
591 1113 593 1118 ’

198 1177 246 1253 14.
272 1178 419 1262 Epistola
429 1177 487 1244 Hl.
498 1179 590 1257 Regis
602 1176 706 1237 Fran-

272 1281 384 1323 corum
399 1260 456 1321 Hl.
472 1262 649 1322 Galliarum
661 1260 706 1318 A·

274 1345 434 1424 quitaniae
468 1356 498 1403 et
531 1343 706 1424 Hispaniae

272 1427 362 1507 Regi,
385 1426 425 1485 de
453 1428 591 1489 amicitia
608 1437 638 1484 et
652 1447 707 1508 pa-

270 1529 306 1570 ee
325 1507 485 1570 servanda
502 1522 533 1570 et
549 1520 583 1567 ut
602 1527 705 1566 mune·

273 1613 310 1652 ra
325 1604 416 1671 grata
429 1592 552 1656 babeat.

194 1670 240 1736 15.
269 1672 415 1756 Epistola
422 1672 461 1732 de
475 1671 644 1734 tondendis
656 1692 705 1732 ca·

269 1757 358 1840 pillis
378 1768 409 1816 et
441 1757 564 1817 cuculla
591 1756 705 1816 Mona-

272 1841 412 1903 eborum.

193 1918 240 1986 16.
267 1920 417 2005 Epistola
445 1941 507 2001 qua
530 1919 705 2005 Episcopus

270 2026 303 2064 se
331 2025 405 2084 erga
431 2004 544 2083 Regem
574 2017 705 2064 excusat

170 2165 172 2169 Ι
271 2085 361 2168 quod
375 2086 704 2148 nonveneritaolcon·

271 2191 286 2227 s
310 2182 419 2231 ectum.

191 2269 237 2330 17.
294 2253 414 2336 pistola
439 2272 501 2334 qua
534 2245 705 2334 Suffraga-

271 2355 346 2394 ncus
359 2334 635 2417 Metropolitanum
652 2339 704 2395 in·

260 2414 389 2497 format
420 2414 460 2474 de
494 2417 703 2501 appellatione

269 2499 458 2581 interposita
493 2500 513 2558 t
550 2501 703 2560 sententia

267 2581 477 2661 separationis
501 2582 565 2640 lata
592 2595 702 2642 eontra

269 2664 415 2744 coniuges
459 2667 702 2742 consanguineos

271 2744 700 2828 inquartoetquintogradu.

193 2827 239 2890 18.
264 2825 452 2888 Mandatum
474 2828 627 2911 Episcopi
646 2828 706 2888 Ar·

271 2911 505 2996 cbipresbytero
533 2913 627 2993 pagi,
664 2910 703 2970 ole

260 2991 375 3075 forma
387 2992 586 3054 observanda
597 2994 630 3052 in
643 2994 702 3051 tri-

271 3074 377 3137 duano
394 3076 546 3136 ieiuniola
567 3076 701 3153 Regibus

269 3178 330 3241 pro
347 3159 452 3218 multis
466 3159 699 3217 necessitatibus

272 3241 433 3300 ordinato.

192 3345 239 3408 ¹9·
266 3321 370 3382 Aliud
383 3322 563 3384 mandatum
574 3322 703 3406 Episco-

269 3404 308 3490 pi
336 3405 576 3484 congregationi
591 3406 703 3465 Mona·

270 3489 402 3550 eliorum
423 3486 463 3546 ele
489 3487 637 3548 triduano
662 3489 704 3547 ie·

270 3571 357 3631 iunio
375 3568 582 3630 observando.

189 3675 239 3718 20.
270 3651 516 3712 Constantiensis
554 3651 706 3734 Episcopi

272 3733 317 3795 ad
327 3733 601 3812 Argentariensem
614 3733 705 3815 Epis·

273 3817 350 3888 tola,
368 3837 430 3895 qua
447 3827 550 3874 monet
562 3814 602 3874 de
622 3830 706 3876 tran·

270 3903 334 3961 situ
346 3898 390 3958 ad
406 3897 604 3957 Luxooiense
626 3893 713 3958 Coe-¹

270 3983 409 4054 nobium,
426 3992 456 4041 et
469 3981 549 4066 petit
570 3992 604 4041 at
622 4003 707 4042 man·

655 294 849 348 totumne

864 438 982 496 sionem
1001 451 1030 498 et
1044 452 1148 499 cuneta
1157 439 1207 500 sibi
1218 461 1261 499 ne-

862 523 1018 592 cessaria,
1047 534 1077 580 et
1098 524 1258 600 sequentibus

862 603 927 658 suis
950 604 982 661 in
1001 605 1075 662 vico
1092 625 1158 661 suae
1178 617 1259 684 potes-

863 686 935 743 tatis
945 688 1119 767 praecipiat
1129 685 1260 746 subminis-

860 769 942 825 trari
953 771 955 778 “
965 781 995 826 et
1015 769 1162 831 exbiberi.

777 867 824 909 21.
853 845 1028 932 Episcopus
1049 849 1171 908 mandat
1194 849 1260 911 Vice-

861 929 989 993 domino
1009 953 1065 991 suo
1083 943 1115 990 ut
1137 931 1260 992 Nemido·

859 1033 987 1074 nensem
1008 1014 1189 1096 Episcopum
1213 1016 1259 1074 Rc-

858 1117 941 1156 mam
962 1097 1203 1180 proficiscentem
1222 1098 1260 1156 bo·

856 1192 942 1240 neste
962 1179 1114 1264 excipiat,
1133 1191 1161 1238 et
1178 1199 1258 1237 neces-

856 1264 960 1340 sariu,
983 1262 1118 1346 quaein
1141 1259 1259 1322 mandato

858 1349 1091 1426 exprimuntur,
1113 1343 1160 1402 illi
1174 1343 1258 1403 submi·

858 1439 979 1488 nistret.
1194 1485 1198 1492 ,

778 1526 826 1567 22.
854 1507 1013 1590 Epistola,
1031 1532 1093 1594 qua
1110 1507 1258 1571 Vicedomi-

858 1611 916 1649 nus
931 1593 1170 1653 Procuratorem
1188 1593 1257 1675 Epis·

858 1676 930 1754 copi
949 1675 983 1733 in
1004 1677 1167 1755 Pollingen
1181 1686 1258 1734 monet

857 1754 896 1814 de
924 1755 1064 1817 adventu
1089 1761 1206 1817 alterius
1230 1755 1258 1814 E·

856 1841 992 1920 piscopi,
1010 1853 1043 1898 ut
1058 1851 1213 1922 praeparet
1224 1837 1258 1896 illi

858 1923 1082 1998 ministerium,
1094 1937 1122 1982 et
1138 1943 1192 1998 res,
1201 1940 1257 2001 quae

857 2005 892 2063 in
908 2002 1056 2085 Epistola
1068 2007 1257 2088 exprimuntur

857 2106 949 2166 quam
964 2086 1077 2146 videre
1098 2100 1151 2152 est.

777 2166 825 2234 23.
856 2165 1044 2227 Mandatum
1053 2168 1258 2253 EpiscopiPrs·

856 2252 1000 2311 curatori
1007 2271 1076 2318 suo,
1093 2264 1126 2310 ut
1141 2250 1255 2310 celeriter

853 2330 997 2416 perferat
1012 2335 1180 2415 epistolam,

774 2415 823 2491 24,
850 2413 1038 2474 Mandatum
1064 2412 1255 2498 Metropolita-

853 2498 889 2556 ni
907 2494 1117 2578 Suffragoneo
1136 2510 1166 2556 ut
1181 2499 1253 2554 inter·

853 2581 894 2640 sit
917 2579 1057 2640 Concilio
1081 2575 1256 2640 Provincioli.

773 2661 822 2725 25.
850 2661 995 2746 Epistola
1023 2685 1086 2746 qua
1110 2660 1258 2722 Excubitor

857 2746 1017 2805 Ecclesiae
1041 2744 1257 2825 Arcbicpiscopo

856 2849 913 2886 suo
926 2827 1090 2890 Dioeccsis
1108 2839 1208 2887 statum
1218 2840 1258 2880 ex·

851 2910 952 2993 ponit.

774 2991 822 3057 26.
851 2985 1259 3073 EpistolaBrixiensisEpt's·

855 3075 927 3157 copi
937 3076 1032 3134 alteri
1042 3075 1202 3159 Episcopo,
1214 3087 1259 3148 qut

855 3168 967 3236 rogat,
997 3171 1031 3218 ut
1058 3158 1211 3218 certiorem
1217 3147 1260 3228 fo·

856 3241 928 3315 ciat,
950 3240 1109 3322 qzeomodo
1133 3259 1162 3297 se
1186 3233 1260 3293 babe-

856 3333 911 3380 ant
940 3343 990 3380 res
1014 3324 1098 3383 inter
1124 3323 1209 3399 Reges
1225 3311 1260 3394 fi·

855 3404 916 3464 lios
934 3404 1132 3474 Hludooici,
1163 3414 1260 3462 etton-

858 3487 1017 3546 sobrinum
1032 3476 1260 3569 suunefiliumll·

858 3580 888 3627 et
911 3567 950 3626 de
972 3570 1200 3654 perturbatione
1214 3567 1261 3624 tta·

858 3653 919 3711 liae
942 3653 1148 3733 conqueritur.

776 3755 825 3818 27.
853 3735 1026 3816 Responsio
1037 3723 1261 3817 praecedentiE·

857 3817 1009 3900 pistolae‚
1030 3835 1092 3896 qua
1116 3829 1205 3875 status
1219 3812 1262 3869 Re·

857 3920 928 3980 gum
943 3911 974 3958 et
992 3897 1091 3977 Regni
1109 3897 1262 3982 exponitur.

271 4149 299 4210 1.
338 4147 408 4230 Ego
430 4145 487 4207 ille
506 4167 580 4208 cum
606 4165 702 4208 manu
729 4147 882 4210 Advocati
901 4147 984 4210 illud
1004 4147 1095 4209 trado
1112 4141 1261 4206 annonas·

189 4232 308 4298 terium
327 4232 357 4296 S.
380 4230 417 4294 N.
440 4229 656 4296 cainaeos,
679 4231 855 4316 Episcopus
878 4231 1007 4296 Achaeis
1028 4231 1096 4292 iure
1119 4220 1260 4312 praesideis
