2676 4976
144 275 220 372 ⁶48
606 285 798 346 rossanam

146 449 322 525 dederint,
351 435 486 505 babebis
506 450 614 516 agere,
635 435 693 488 sut
711 445 861 504 caumrc,
887 433 922 487 et
946 423 974 486 si
997 420 1183 506 apparuerit
1199 420 1251 482 nl-

146 544 218 606 lum
237 534 358 605 datum,
379 530 437 584 aut
455 521 587 586 factum,
606 519 664 572 aut
685 509 843 592 scriptam
870 516 927 568 sut
950 506 1100 580 firmitas,
1127 525 1191 586 que
1218 503 1251 562 in

147 622 211 691 ,lis
231 623 321 704 perte
346 609 430 670 facte
449 596 605 673 habeatis,
624 601 657 656 et
675 593 762 654 clare
783 591 867 652 facta
887 590 998 666 fuerit,
1019 597 1052 649 et
1075 587 1163 646 omni
1178 595 1253 646 tem·

170 723 226 768 ore
248 716 315 760 non
336 680 578 776 permanseritis
598 674 689 738 taciti
700 720 711 754 ,
738 682 772 735 et
791 672 980 754 contenpti,
1001 678 1039 730 ut
1059 667 1252 751 componatis

145 731 249 870 dupla
282 767 503 860 querimonia,
528 771 561 824 et
588 759 724 840 insuper
749 775 834 838 pens
861 754 985 836 argenti
1013 751 1059 814 X.
1094 751 1254 812 librarum.

148 863 296 953 spondes
317 856 385 918 ital
423 845 586 933 Spondeo.
616 836 1071 912 Senioresiudiees,1nittote
1091 832 1255 896 iudicium.

194 953 284 1016 Iusta
303 939 435 1002 illorum
461 926 693 1016 professionem
712 930 745 984 et
769 919 1062 980 manifestationem
1081 919 1119 982 P.
1144 915 1255 978 habeat

250 1023 378 1112 oprium
396 1036 460 1094 rcs,
481 1030 546 1094 que
570 1009 724 1090 leguntur
746 1001 780 1062 in
798 1003 855 1063 illa
881 1009 979 1078 carta,
1000 1009 1033 1062 ct
1056 1001 1206 1076 loannes,
1226 1006 1257 1058 et

148 1033 358 1184 :diheredes
379 1100 588 1198 permaneant
610 1088 687 1150 inde
718 1085 834 1164 taciti,
860 1094 892 1146 et
912 1082 1091 1166 contenpti.
1133 1083 1256 1142 Domne

150 1199 267 1264 coma
283 1204 390 1273 praeca
415 1180 459 1242 ite
475 1175 546 1237 lieri
570 1171 731 1237 noticiam.
767 1169 810 1230 Et
822 1166 972 1229 similiter
986 1175 1034 1228 est
1051 1165 1091 1226 de
1106 1164 1256 1228 Romana.

150 1287 192 1351 la
215 1277 289 1360 lege
302 1267 388 1336 salic
448 1259 512 1338 dic,
530 1263 564 1319 et
583 1255 729 1338 ruarpite
751 1259 785 1312 et
797 1272 858 1336 pro
875 1247 1050 1314 heredibus
1069 1255 1102 1308 et
1119 1245 1257 1330 insuper.

484 1390 631 1478 Qualiter
650 1388 692 1448 sit
700 1383 788 1470 finis
807 1397 917 1446 statio.

233 1521 281 1604 ll.
320 1517 449 1582 Domne
473 1509 603 1586 Comes,
633 1501 697 1564 hoo
725 1501 805 1564 dicit
834 1499 991 1578 Ioannes,
1020 1498 1080 1582 qui
1100 1505 1149 1560 est
1180 1495 1257 1558 liber

152 1609 250 1679 homo
282 1603 324 1668 de
350 1619 408 1664 sua
431 1611 586 1678 persona,
619 1594 652 1648 et
675 1584 770 1662 abet,
798 1592 831 1645 et
859 1593 951 1647 tenet
973 1605 1069 1644 suum
1095 1579 1258 1662 conquisi-

152 1705 223 1759 tum
242 1688 284 1753 ad
301 1703 392 1750 surm
411 1673 650 1774 proprietatem,
672 1675 705 1730 et
723 1667 750 1730 si
770 1665 888 1748 aliquis
905 1665 1004 1728 homo
1024 1673 1083 1742 est,
1104 1663 1162 1746 qui
1178 1663 1257 1724 idem

153 1771 280 1859 aliquid
300 1763 373 1830 vult
392 1761 513 1834 dicere,
535 1753 610 1813 inde
632 1757 761 1834 paratus
782 1758 830 1810 cst
851 1757 932 1810 stare
954 1749 996 1809 ad
1024 1747 1201 1824 rationem,
1219 1751 1257 1808 ,et

153 1857 245 1944 quod
263 1853 337 1940 plus
360 1852 425 1922 est,
446 1837 566 1922 querit,
588 1843 620 1896 ct
639 1833 720 1906 vult,
742 1840 778 1891 ut
796 1829 882 1892 dicat
898 1833 1025 1909 Petrus,
1048 1828 1106 1911 qui
1130 1837 1181 1890 est
1208 1827 1258 1888 hic

154 1943 197 2006 ad
215 1953 378 2024 praesens,
393 1925 421 1988 si
446 1930 495 1985 est
512 1922 651 1980 Ioannes
672 1915 757 1976 liber
778 1913 875 1974 homo
899 1914 940 1974 de
962 1936 1019 1974 sua
1040 1932 1189 1994 persona,
1209 1915 1259 1968 aut

154 2043 235 2102 non,
256 2027 288 2081 et
311 2014 339 2078 si
360 2008 457 2073 debet
478 2002 619 2066 retinere
641 1996 681 2058 ad
703 2019 791 2058 snam
813 1997 1041 2078 proprietatem
1063 2016 1159 2056 suum
1186 2012 1259 2054 con·

155 2104 323 2191 quisitum.
343 2100 400 2154 aut
418 2087 446 2152 si
471 2083 613 2169 pertinet
634 2079 697 2143 sibi
717 2081 767 2140 ins
788 2079 915 2160 aliquid
941 2078 982 2139 ad
1001 2076 1203 2154 habendum,
1232 2082 1260 2134 et

154 2179 400 2270 requirendum,
421 2178 574 2244 autnon,
595 2173 628 2226 ct
651 2163 678 2224 si
699 2161 773 2222 abet
792 2163 959 2245 scriptum,
980 2160 1034 2221 vel
1057 2159 1200 2238 aliquam
1214 2157 1260 2215 fir.

155 2269 318 2338 mitatem,
338 2253 428 2342 quod
448 2251 525 2312 inde
546 2245 731 2332 parabolare
760 2243 875 2328 possit,
904 2253 961 2304 aut
990 2263 1066 2307 non.
1107 2240 1197 2302 Dicis
1221 2239 1262 2298 ita

154 2347 322 2419 loannes?
362 2337 454 2401 Dico.
474 2335 518 2394 Et
535 2342 571 2392 tu
587 2325 667 2411 quid
685 2327 776 2404 dicis,
798 2327 915 2387 Petrei
944 2324 1034 2403 Quid
1049 2323 1152 2384 debeo
1173 2320 1263 2399 ,dice-

155 2435 218 2500 rcl
257 2431 327 2492 Hoc
344 2421 410 2498 die,
433 2414 523 2500 quod
541 2415 678 2473 loannes
695 2407 780 2470 liber
801 2405 900 2468 homo
921 2416 971 2469 est
987 2407 1027 2467 de
1043 2427 1100 2466 sua
1120 2425 1263 2487 persona,

156 2516 212 2582 Sic
233 2519 292 2576 est.
328 2505 372 2567 Et
393 2521 488 2562 suum
511 2491 730 2576 conquisitum
746 2490 843 2552 debet
862 2491 1003 2552 retinere
1024 2487 1065 2549 ad
1086 2509 1177 2550 suam
1194 2508 1264 2574 pro·

154 2597 338 2684 ptjstatem,
379 2583 472 2645 Sicut
493 2577 598 2642 debet.
632 2576 700 2636 Nec
724 2573 784 2634 tibi
808 2572 934 2654 aliquid
963 2571 1107 2654 pertinet
1137 2571 1179 2632 ad
1214 2569 1265 2628 ha·

155 2677 320 2753 bendum,
349 2675 405 2730 ant
427 2661 674 2744 requirendum.
715 2657 787 2718 Non
808 2655 896 2716 facit.
938 2656 1006 2716 Nec
1028 2651 1185 2736 scriptum
1208 2671 1265 2710 nec

156 2756 342 2840 fipppitatem
362 2745 471 2823 habes,
495 2741 583 2828 qnod
612 2739 689 2800 inde
715 2737 902 2822 parabolare
919 2755 1028 2820 posses
1053 2735 1093 2796 ab
1121 2756 1183 2796 eo:
1212 2731 1266 2794 sed

156 2849 244 2924 sient
256 2832 356 2908 habes
374 2831 496 2894 dictum
509 2833 556 2888 est
572 2819 655 2883 liber
667 2819 765 2882 homo
787 2820 827 2882 dc
847 2841 904 2880 sna
921 2839 1070 2902 persona.
1105 2819 1200 2878 Sicut
1212 2825 1265 2878 est.

156 2921 325 3011 Qffilqge
343 2910 452 2979 vivis?
494 2905 632 2972 Salicha.
673 2903 770 2965 Modo
788 2902 917 2984 ruarpis
939 2911 991 2978 te,
1026 2909 1058 2962 et
1079 2899 1201 2982 obligas
1224 2907 1265 2974 te,

159 3004 408 3088 papiupnqmm
436 2993 470 3056 in
500 2999 644 3072 tempore
667 2995 704 3046 tu
729 2994 786 3045 ant
804 2984 855 3048 tui
874 2983 954 3061 filii,
986 2983 1042 3044 rel
1068 2982 1154 3060 filie,
1177 2982 1266 3043 here·

158 3095 229 3176 fles,
251 3109 293 3184 sq
308 3073 505 3170 proheredes
529 3079 641 3134 contm
668 3070 820 3138 Petrum,
845 3076 902 3126 ant
926 3086 999 3128 snos
1027 3063 1187 3142 heredes,
1216 3071 1266 3122 aut

159 3174 303 3256 ,pppjpsp
321 3159 472 3242 dederint
492 3176 587 3218 suum
605 3149 822 3233 conquisitum
840 3146 940 3210 habes
957 3167 1063 3230 agere,
1081 3156 1137 3207 ant
1163 3168 1267 3208 cansa·

157 3281 214 3334 135
231 3262 277 3334 ,et
295 3247 323 3323 oi
347 3237 532 3328 apparuerit
560 3236 665 3298 ullum
687 3232 814 3309 datam,
845 3240 901 3292 ant
925 3232 1066 3308 factum,
1088 3237 1143 3290 aut
1168 3229 1265 3310 scrip-

158 3352 246 3415 lm,
264 3340 333 3412 ,aut
351 3324 502 3408 firmitas,
529 3338 593 3401 que
615 3317 651 3376 in
673 3315 736 3374 alia
761 3323 850 3397 parte
872 3314 957 3376 facta
976 3311 1133 3388 habeatis,
1155 3320 1188 3372 et
1208 3311 1268 3372 cla·

160 3444 196 3502 pe
218 3422 338 3492 factum
356 3405 468 3484 fuerit,
490 3411 524 3466 et
544 3398 632 3461 omni
655 3407 799 3479 tempore
812 3410 884 3455 'non
903 3394 1143 3478 permanseritis
1163 3393 1266 3468 taciti,

160 3488 395 3580 stpontenpti,
420 3493 457 3549 ut
484 3480 682 3566 componatis
699 3479 829 3564 duplam
859 3475 949 3540 illam
968 3475 1217 3560 querimoniam,
1239 3483 1268 3535 et

162 3587 297 3667 insuper
316 3595 398 3674 pena
420 3563 637 3651 stipulationis
658 3561 802 3641 nomine,
824 3582 887 3642 que
913 3567 962 3622 est
983 3559 1103 3620 mulcta
1124 3559 1194 3619 auri
1219 3580 1269 3640 op-

162 3668 233 3737 timi
254 3679 367 3724 ancras
391 3659 530 3736 quatuor
557 3655 589 3708 et
617 3645 742 3726 argenti
770 3645 913 3738 pondera
942 3651 1024 3702 octo.
1080 3641 1212 3724 Obligas
1238 3649 1267 3700 te

113 3815 117 3830 ,
163 3752 227 3816 int
248 3741 379 3824 obligo.
422 3732 572 3798 Seniores
594 3727 718 3789 iudices
739 3727 854 3789 mattite
872 3725 1038 3789 iudicium.
1080 3727 1177 3786 quta
1197 3722 1268 3783 illo-

162 3855 235 3912 nam
255 3818 508 3914 professionem,
539 3819 572 3874 ct
590 3808 883 3872 manifestationem
903 3809 1041 3868 Ioannes
1069 3806 1153 3868 liber
1176 3805 1267 3866 homo

163 3927 211 3984 ost
231 3915 271 3978 de
291 3928 348 3972 sua
378 3917 536 3988 persona,
564 3902 598 3955 et
626 3891 719 3968 abet,
750 3893 784 3952 et
806 3899 896 3952 tenet
925 3889 966 3950 ad
987 3889 1155 3970 proprium
1182 3907 1268 3950 snum

163 3991 399 4080 conquisitam,
429 3989 461 4043 ct
483 3979 609 4054 Petrus,
632 3982 663 4035 ct
684 3973 734 4034 sui
758 3971 906 4048 heredes,
928 3993 964 4032 ac
985 3970 1182 4052 proheredes
1199 3989 1268 4051 per-

162 4083 314 4160 maneant
332 4068 408 4130 inde
426 4061 528 4144 taciti,
552 4067 585 4124 et
605 4054 781 4142 contenpti.
822 4057 949 4118 Domne
971 4055 1096 4136 Comes,
1117 4049 1267 4140 precipite

163 4163 234 4240 lieri
256 4153 419 4222 noticiam.
