2734 4990
196 281 272 358 libb
639 302 831 356 nonnemo

197 444 275 504 baec
300 443 481 502 mandatum
502 463 584 524 qnae
605 441 638 501 in
670 442 755 504 silius
776 462 852 502 suus
878 441 953 502 illos
976 451 1007 502 et
1029 442 1091 502 illn
1116 451 1151 502 nt
1173 454 1267 525 sumpla

198 548 252 592 sua
274 525 343 586 vice
358 525 550 586 cosseribere
568 525 618 585 vel
639 524 805 586 adfirmare
827 534 1018 611 rogaverunt
1038 525 1078 586 de
1100 546 1267 586 omnesom-

197 609 339 689 sn'd‘tutlt
356 614 436 665 'sunt
457 607 545 688 qtiod
566 605 685 666 rectius
706 606 854 688 §aperior
878 605 1009 666 abeatur
1029 601 1179 690 scriptum
1198 610 1269 688 gestis
1317 613 1318 674 l

196 687 445 769 moniciptlibns
470 689 610 768 adligare
636 689 739 770 adque
762 688 886 746 firmare
914 688 1057 748 deberet.
1100 690 1164 750 lam
1189 691 1268 749 dictus
1317 731 1318 764 ,

195 769 348 832 defensor
361 779 403 830 *et
420 769 498 829 ordo
520 770 626 830 turine
652 770 819 830 dixerunt:
848 769 939 830 etliec
968 771 1150 831 mandatum
1172 773 1270 830 adserat

194 854 317 914 'debete
338 853 438 912 nobls‘
452 853 592 911 ostendit
613 852 652 911 ad
679 851 899 932 relegendum.
948 851 1042 912 Tunc
1066 875 1147 913 unns
1170 873 1205 912 ex
1222 854 1271 911 llo-

195 936 286 994 tarils
309 935 377 1015 ipso
399 936 550 994 mandato
576 935 609 992 in
640 933 770 1013 publico
792 933 949 999 recitavit.
998 935 1162 996 Praefatur
1188 935 1273 993 deleu-

194 1027 249 1077 'sor
275 1017 372 1076 dixit:
401 1017 485 1075 Haeo
509 1023 593 1095 gesto
616 1016 776 1095 quomodo
803 1025 849 1074 est
873 1016 991 1098 scripta
1014 1027 1139 1078 nostros
1157 1016 1271 1076 manibus

198 1100 362 1172 roborata,
388 1100 535 1178 quicquit
568 1099 687 1158 exinde
726 1099 834 1156 dicere
871 1100 920 1158 vel
954 1119 1125 1160 numerare
1158 1117 1203 1158 res
1232 1099 1272 1156 illa

200 1188 256 1240 ant
287 1181 374 1238 nibil·
392 1180 473 1238 aliut
503 1202 561 1260 ago
591 1178 671 1238 hoec
701 1189 788 1261 gesta
819 1180 979 1258 quomodo
1006 1191 1055 1242 est
1083 1179 1193 1261 scripta
1219 1199 1270 1238 ves·

196 1263 429 1322 trismbbrnta
450 1262 529 1320 mibi
561 1261 629 1321 sine
658 1281 745 1320 mora
769 1261 919 1321 tradatur.
964 1263 1022 1322 llle
1051 1264 1197 1324 defensor
1220 1281 1271 1320 cun

199 1343 534 1406 suis·ct1rlalibt1svel
557 1343 845 1424 subscriptionibus
866 1345 1011 1406 manibus
1034 1346 1103 1430 ipsa
1124 1352 1203 1426 gesta
1225 1353 1270 1402 na·

198 1426 351 1488 diderunt
371 1427 421 1489 rel
444 1427 727 1508 consignaverunt.

674 1558 829 1618 Libertas.

277 1671 397 1731 In'liei
419 1670 559 1730 nomine.
599 1672 668 1752 Ego
686 1671 742 1730 ille
765 1681 911 1732 metuens
933 1691 1041 1732 casnm
1057 1671 1234 1754 fragilitatis,
1250 1677 1271 1728 et

195 1753 272 1815 dnm
302 1754 455 1834 fragilitas
476 1754 653 1812 humanum
677 1773 776 1835 genus
798 1754 1015 1835 pertimescit,
1039 1755 1185 1815 ultimum
1210 1753 1270 1812 vitae

192 1837 397 1916 temporibus
414 1845 550 1896 venture
571 1845 698 1917 oportet
720 1847 756 1896 ut
787 1857 851 1896 non
874 1836 1018 1897 inveniat
1038 1853 1270 1918 unumquemque

195 1919 384 2002 impuratum
423 1937 462 1976 ne
493 1917 563 1976 sine
600 1917 717 1998 aliquis
746 1920 851 2000 operis
879 1919 1000 1978 bonum
1028 1929 1203 2001 respectum
1228 1915 1270 1974 nisi

194 2000 301 2060 bomo·
316 2001 393 2060 dum
419 2019 512 2060 snum
537 1997 605 2059 iure
638 2010 671 2060 et
690 2009 876 2081 potestatem
900 2012 1104 2082 praepararet
1128 2001 1185 2062 sibi
1206 1999 1269 2060 riam

195 2083 305 2142 salutis
332 2101 508 2162 perquem
533 2082 572 2142 ad
600 2089 763 2142 aeternam
791 2082 1024 2143 beatitudinem
1052 2085 1155 2144 valeat
1179 2101 1270 2164 perve-

196 2165 276 2224 nire.
319 2166 491 2245 Propterea
513 2163 688 2225 vindictam
710 2164 821 2224 babuit
844 2165 979 2224 liberare
1002 2167 1121 2224 ancilla
1144 2187 1207 2224 mea
1227 2183 1270 2218 un·

194 2266 267 2304 men
293 2245 348 2304 illa
370 2269 433 2305 una
459 2268 531 2305 cnm
553 2248 655 2306 fantes
677 2269 749 2308 suos
781 2247 856 2306 illus
879 2257 911 2306 et
936 2247 1029 2324 illus,
1053 2269 1147 2330 quem
1171 2246 1205 2305 de
1224 2243 1269 2302 alo·

193 2326 316 2387 devisi
332 2347 438 2386 snmus
461 2328 589 2404 habere,
605 2327 643 2387 de
664 2330 752 2390 omni
775 2330 849 2409 iugo
871 2330 1032 2390 servitutis
1052 2330 1131 2390 meis
1149 2349 1203 2410 pro
1217 2346 1269 2406 pec·

193 2408 272 2468 eatis
293 2410 371 2469 meis
394 2409 576 2468 minuendis
599 2410 686 2489 ipsus
708 2411 919 2492 praecipimus
941 2433 1007 2472 esse
1031 2411 1116 2472 bene
1139 2411 1269 2491 ingenuus

194 2491 411 2550 et·nbsolutus
433 2489 465 2548 in
482 2492 646 2572 pubplico,
670 2513 743 2551 nam
765 2515 828 2552 non
861 2494 893 2552 in
915 2503 1049 2570 secreto,
1072 2492 1216 2554 Arvernis
1235 2487 1268 2547 ci-

194 2572 311 2646 vitatis,
334 2572 463 2631 domurn
490 2573 596 2632 matris
622 2575 785 2636 Ecclesiae
809 2586 918 2635 sancto
940 2577 1008 2652 illo,
1031 2577 1088 2636 ubi
1110 2573 1217 2635 Christi
1230 2590 1269 2627 no·

193 2670 266 2720 men
290 2655 349 2712 ille
366 2656 541 2736 Episcopus
567 2656 718 2716 Pontifex
734 2668 812 2717 tunc
831 2668 972 2739 ternpore
993 2679 1140 2739 praeesse
1164 2655 1268 2735 dignos·

194 2737 289 2813 citur,
311 2747 383 2796 onte
409 2757 510 2797 cornu
533 2737 651 2816 altaris,
675 2739 707 2797 in
734 2741 920 2820 praesentia,
949 2741 1152 2821 presbiteris,
1184 2737 1267 2797 diaco·

193 2819 307 2894 nibus,
330 2820 476 2894 clericis,
504 2819 555 2880 vel
581 2820 612 2877 in
640 2823 820 2902 praesentia
852 2821 1062 2903 plurimarum
1090 2835 1268 2904 personarum

193 2901 249 2982 qni
281 2901 347 2982 ipsa
377 2918 511 2981 manopa
540 2901 650 2965 subter
675 2903 898 2979 firmaverunt,
929 2906 968 2964 de
996 2905 1107 2986 iugum
1134 2895 1269 2964 servitutis

192 2981 276 3044 mels
291 2985 512 3065 propeccatis
533 2985 611 3042 meis
633 2985 825 3060 minuendis,
848 2988 931 3048 sient
957 2986 1017 3045 iarn
1042 2988 1188 3054 diximus,
1202 2979 1269 3060 quic·

192 3065 429 3147 q'nid'persona
449 3075 512 3124 ‘unt
533 3066 677 3145 religiosi
707 3069 840 3127 deorum
866 3068 1024 3149 mancipia
1047 3069 1120 3129 datu
1148 3067 1267 3125 libertale

192 3150 342 3208 'conterre
371 3150 533 3224 ¹voluerit,
564 3149 743 3208 secundum
771 3152 874 3230 legem
897 3152 1070 3209 Romanam
1096 3151 1155 3209 hoe
1185 3148 1268 3204 licere

192 3239 317 3312 potest,
347 3230 381 3288 id
407 3241 455 3291 est
477 3231 587 3290 Latina
611 3231 733 3308 dolitia,
756 3242 787 3292 et
809 3233 894 3293 cives
912 3235 1064 3309 Romana,
1087 3232 1210 3292 meliore
1224 3233 1268 3286 sla·

191 3324 260 3372 tam
289 3311 384 3370 lauliet
414 3322 639 3372 testamentum
672 3316 812 3374 condere
849 3315 1067 3386 testimonium
1105 3311 1265 3398 perhibere,

192 3403 309 3470 emere,
329 3393 473 3470 vindere,
495 3395 625 3469 donare,
647 3405 840 3456 commutare
862 3396 976 3456 habent
1003 3407 1184 3479 potestatem
1203 3391 1266 3450 sicut

193 3475 301 3535 et‘nlii
325 3476 413 3536 cives
435 3476 579 3552 Romani,
603 3485 638 3534 nt
664 3480 790 3538 nullum
813 3478 901 3537 nulle
923 3480 972 3539 vel
991 3480 1145 3539 heredum
1165 3496 1198 3534 uc
1213 3489 1265 3553 pr0·

191 3558 348 3618 berednm
366 3559 450 3616 nihil
477 3559 617 3617 debeant
644 3562 774 3621 servitio
802 3581 863 3619 nec
892 3560 1095 3620 letimnnium
1123 3579 1179 3618 neo
1203 3571 1265 3614 onus

192 3640 350 3722 patronati
371 3661 432 3700 nec
458 3640 547 3697 nulla
576 3639 758 3702 obedientia
782 3642 881 3722 ipsius
911 3663 974 3702 non
997 3644 1193 3724 requiratur,
1220 3631 1265 3692 uisi

193 3730 267 3782 eant
285 3730 316 3780 et
337 3730 487 3782 moneant
506 3721 700 3800 nlilcnmqnc
722 3725 893 3797 voluerint,
916 3735 1024 3803 portae
1042 3736 1176 3806 apertae,
1198 3717 1265 3776 cives

191 3805 351 3864 Romanae
373 3826 404 3864 se
427 3825 493 3864 esse
516 3815 716 3885 cognoscunt.
758 3807 988 3866 Defensionem
1011 3829 1085 3867 vero
1101 3818 1161 3868 tam
1177 3799 1265 3862 Eccle-

189 3886 236 3948 sia
256 3887 304 3946 vel
329 3908 455 3946 omnem
480 3887 567 3946 dium
590 3885 770 3946 timentium
793 3888 986 3968 ubicumque
1010 3890 1152 3969 experire
1173 3883 1264 3970 volue-

190 3969 448 4044 rtueplirnniue
464 3969 632 4028 tribuimus
654 3971 694 4029 ad
712 3971 895 4030 faciendum
919 3971 949 4028 in
974 3973 1118 4030 omnibns
1134 3957 1263 4049 quicquat

191 4050 446 4114 voluerint:¹·'l3lt
469 4052 495 4110 s'i
522 4055 561 4112 tle
583 4051 668 4138 ipsus
688 4053 812 4134 aliquid
835 4065 1020 4133 generatum
1049 4053 1159 4129 l'nerit,
1190 4047 1264 4124 ingl·

189 4134 502 4216 nni=permaniant3
529 4135 659 4225 Sarne'si
687 4138 767 4216 quis.
1092 4149 1095 4170 ¹

193 4219 249 4266 ¹⁴¹¹„
296 4257 299 4264 ,
343 4229 399 4281 ¹¹¹⁴:-
446 4225 554 4267 „ulus
