<?xml version="1.0" encoding="UTF-8"?>
<!DOCTYPE html PUBLIC "-//W3C//DTD XHTML 1.0 Transitional//EN"
    "http://www.w3.org/TR/xhtml1/DTD/xhtml1-transitional.dtd">
<html xmlns="http://www.w3.org/1999/xhtml" xml:lang="en" lang="en">
 <head>
  <title>
</title>
<meta http-equiv="Content-Type" content="text/html;charset=utf-8" />
  <meta name='ocr-system' content='tesseract 3.04.00' />
  <meta name='ocr-capabilities' content='ocr_page ocr_carea ocr_par ocr_line ocrx_word'/>
</head>
<body>
  <div class='ocr_page' id='page_1' title='image "./corpusiurisgerm03visigoog_0072.png"; bbox 0 0 2734 4990; ppageno 0'>
   <div class='ocr_carea' id='block_1_1' title="bbox 525 249 1290 344">
    <p class='ocr_par' dir='ltr' id='par_1_1' title="bbox 525 249 1290 344">
     <span class='ocr_line' id='line_1_1' title="bbox 525 249 1290 344; baseline 0.013 -23"><span class='ocrx_word' id='word_1_1' title='bbox 525 266 741 324; x_wconf 75' lang='lat' dir='ltr'><strong>ninoznnre</strong></span> <span class='ocrx_word' id='word_1_2' title='bbox 1106 249 1183 330; x_wconf 71' lang='lat'><strong>⁴06</strong></span> <span class='ocrx_word' id='word_1_3' title='bbox 1285 335 1290 344; x_wconf 71' lang='grc'><em>,</em></span> 
     </span>
    </p>
   </div>
   <div class='ocr_carea' id='block_1_2' title="bbox 62 405 1188 2376">
    <p class='ocr_par' dir='ltr' id='par_1_2' title="bbox 62 405 1188 2376">
     <span class='ocr_line' id='line_1_2' title="bbox 63 405 1183 492; baseline 0.005 -20"><span class='ocrx_word' id='word_1_4' title='bbox 63 409 255 486; x_wconf 72' lang='lat' dir='ltr'><strong>Christum,</strong></span> <span class='ocrx_word' id='word_1_5' title='bbox 275 407 405 490; x_wconf 82' lang='lat' dir='ltr'><strong>quando</strong></span> <span class='ocrx_word' id='word_1_6' title='bbox 427 410 458 469; x_wconf 90' lang='lat' dir='ltr'><strong>in</strong></span> <span class='ocrx_word' id='word_1_7' title='bbox 481 407 674 472; x_wconf 79' lang='lat' dir='ltr'><strong>Monosterio</strong></span> <span class='ocrx_word' id='word_1_8' title='bbox 692 405 839 468; x_wconf 82' lang='lat' dir='ltr'><strong>fecerunt</strong></span> <span class='ocrx_word' id='word_1_9' title='bbox 859 408 1071 492; x_wconf 77' lang='lat' dir='ltr'><strong>temetipsum.</strong></span> <span class='ocrx_word' id='word_1_10' title='bbox 1091 411 1183 478; x_wconf 77' lang='lat' dir='ltr'><strong>Tun·</strong></span> 
     </span>
     <span class='ocr_line' id='line_1_3' title="bbox 62 489 1182 576; baseline 0.003 -24"><span class='ocrx_word' id='word_1_11' title='bbox 62 505 167 576; x_wconf 85' lang='lat' dir='ltr'><strong>pater</strong></span> <span class='ocrx_word' id='word_1_12' title='bbox 187 508 264 552; x_wconf 86' lang='lat' dir='ltr'><strong>oum</strong></span> <span class='ocrx_word' id='word_1_13' title='bbox 288 493 426 552; x_wconf 88' lang='lat' dir='ltr'><strong>Domino</strong></span> <span class='ocrx_word' id='word_1_14' title='bbox 455 515 522 553; x_wconf 89' lang='lat' dir='ltr'><strong>non</strong></span> <span class='ocrx_word' id='word_1_15' title='bbox 544 489 621 550; x_wconf 84' lang='lat' dir='ltr'><strong>lecit</strong></span> <span class='ocrx_word' id='word_1_16' title='bbox 641 499 748 550; x_wconf 87' lang='lat' dir='ltr'><strong>sancta</strong></span> <span class='ocrx_word' id='word_1_17' title='bbox 774 509 880 570; x_wconf 82' lang='lat' dir='ltr'><strong>opera.</strong></span> <span class='ocrx_word' id='word_1_18' title='bbox 920 493 1059 576; x_wconf 76' lang='lat' dir='ltr'>Propter</span> <span class='ocrx_word' id='word_1_19' title='bbox 1078 497 1182 558; x_wconf 78' lang='lat' dir='ltr'><strong>Dum·-</strong></span> 
     </span>
     <span class='ocr_line' id='line_1_4' title="bbox 67 571 1181 656; baseline -0.003 -21"><span class='ocrx_word' id='word_1_20' title='bbox 67 597 136 636; x_wconf 89' lang='lat' dir='ltr'><strong>nus</strong></span> <span class='ocrx_word' id='word_1_21' title='bbox 165 573 268 656; x_wconf 77' lang='lat' dir='ltr'><strong>digito</strong></span> <span class='ocrx_word' id='word_1_22' title='bbox 288 575 459 651; x_wconf 79' lang='lat' dir='ltr'><strong>relaxavit,</strong></span> <span class='ocrx_word' id='word_1_23' title='bbox 488 585 519 634; x_wconf 90' lang='lat' dir='ltr'><strong>te</strong></span> <span class='ocrx_word' id='word_1_24' title='bbox 547 571 620 632; x_wconf 79' lang='lat' dir='ltr'><strong>vivo</strong></span> <span class='ocrx_word' id='word_1_25' title='bbox 649 571 759 633; x_wconf 90' lang='lat' dir='ltr'><strong>docuit</strong></span> <span class='ocrx_word' id='word_1_26' title='bbox 790 579 823 632; x_wconf 86' lang='lat' dir='ltr'><strong>ct</strong></span> <span class='ocrx_word' id='word_1_27' title='bbox 856 572 945 633; x_wconf 87' lang='lat' dir='ltr'><strong>nutri</strong></span> <span class='ocrx_word' id='word_1_28' title='bbox 968 607 1010 621; x_wconf 88' lang='lat'><strong>—-</strong></span> <span class='ocrx_word' id='word_1_29' title='bbox 1029 609 1064 624; x_wconf 87' lang='lat'><strong>·-·</strong></span> <span class='ocrx_word' id='word_1_30' title='bbox 1091 576 1181 639; x_wconf 76' lang='lat' dir='ltr'><strong>unde</strong></span> 
     </span>
     <span class='ocr_line' id='line_1_5' title="bbox 69 653 1183 741; baseline 0.001 -22"><span class='ocrx_word' id='word_1_31' title='bbox 69 679 109 720; x_wconf 86' lang='lat' dir='ltr'><strong>se</strong></span> <span class='ocrx_word' id='word_1_32' title='bbox 139 666 253 741; x_wconf 86' lang='lat' dir='ltr'><strong>postea</strong></span> <span class='ocrx_word' id='word_1_33' title='bbox 274 656 458 738; x_wconf 84' lang='lat' dir='ltr'><strong>poenetivit.</strong></span> <span class='ocrx_word' id='word_1_34' title='bbox 498 653 864 734; x_wconf 85' lang='lat' dir='ltr'><strong>Nonsequisscripturn</strong></span> <span class='ocrx_word' id='word_1_35' title='bbox 883 675 943 716; x_wconf 90' lang='lat' dir='ltr'><strong>nec</strong></span> <span class='ocrx_word' id='word_1_36' title='bbox 964 657 1183 720; x_wconf 71' lang='lat' dir='ltr'><strong>remiis--</strong></span> 
     </span>
     <span class='ocr_line' id='line_1_6' title="bbox 73 735 1181 820; baseline 0.001 -21"><span class='ocrx_word' id='word_1_37' title='bbox 73 737 162 820; x_wconf 85' lang='lat' dir='ltr'><strong>quia</strong></span> <span class='ocrx_word' id='word_1_38' title='bbox 189 759 341 800; x_wconf 85' lang='lat' dir='ltr'><strong>memores</strong></span> <span class='ocrx_word' id='word_1_39' title='bbox 369 738 534 800; x_wconf 87' lang='lat' dir='ltr'><strong>Grimaldo</strong></span> <span class='ocrx_word' id='word_1_40' title='bbox 560 737 689 816; x_wconf 81' lang='lat' dir='ltr'><strong>qualem</strong></span> <span class='ocrx_word' id='word_1_41' title='bbox 714 735 819 798; x_wconf 82' lang='lat' dir='ltr'><strong>iecisti</strong></span> <span class='ocrx_word' id='word_1_42' title='bbox 847 735 998 800; x_wconf 86' lang='lat' dir='ltr'><strong>damnum</strong></span> <span class='ocrx_word' id='word_1_43' title='bbox 1015 775 1057 788; x_wconf 86' lang='lat'><em>-</em></span> <span class='ocrx_word' id='word_1_44' title='bbox 1078 775 1118 788; x_wconf 93' lang='lat'><em>-</em></span> <span class='ocrx_word' id='word_1_45' title='bbox 1137 771 1181 788; x_wconf 84' lang='lat'><em>-</em></span> 
     </span>
     <span class='ocr_line' id='line_1_7' title="bbox 77 816 1182 904; baseline 0.002 -21"><span class='ocrx_word' id='word_1_46' title='bbox 77 831 113 885; x_wconf 87' lang='lat' dir='ltr'><strong>et</strong></span> <span class='ocrx_word' id='word_1_47' title='bbox 143 823 213 882; x_wconf 92' lang='lat' dir='ltr'><strong>Deo</strong></span> <span class='ocrx_word' id='word_1_48' title='bbox 247 841 310 881; x_wconf 91' lang='lat' dir='ltr'><strong>non</strong></span> <span class='ocrx_word' id='word_1_49' title='bbox 342 820 473 882; x_wconf 83' lang='lat' dir='ltr'><strong>oblituit</strong></span> <span class='ocrx_word' id='word_1_50' title='bbox 501 821 540 880; x_wconf 93' lang='lat' dir='ltr'><strong>de</strong></span> <span class='ocrx_word' id='word_1_51' title='bbox 575 818 661 878; x_wconf 84' lang='lat' dir='ltr'><strong>bona</strong></span> <span class='ocrx_word' id='word_1_52' title='bbox 691 839 773 899; x_wconf 88' lang='lat' dir='ltr'><strong>quae</strong></span> <span class='ocrx_word' id='word_1_53' title='bbox 801 816 860 878; x_wconf 89' lang='lat' dir='ltr'><strong>tibi</strong></span> <span class='ocrx_word' id='word_1_54' title='bbox 890 819 969 880; x_wconf 81' lang='lat' dir='ltr'><strong>lecit</strong></span> <span class='ocrx_word' id='word_1_55' title='bbox 997 821 1078 904; x_wconf 86' lang='lat' dir='ltr'><strong>quid</strong></span> <span class='ocrx_word' id='word_1_56' title='bbox 1104 822 1182 885; x_wconf 81' lang='lat' dir='ltr'><strong>indo</strong></span> 
     </span>
     <span class='ocr_line' id='line_1_8' title="bbox 78 898 1183 966; baseline 0.003 -4"><span class='ocrx_word' id='word_1_57' title='bbox 78 939 121 952; x_wconf 77' lang='lat'><strong>——</strong></span> <span class='ocrx_word' id='word_1_58' title='bbox 142 937 183 948; x_wconf 90' lang='lat'>-</span> <span class='ocrx_word' id='word_1_59' title='bbox 209 903 343 966; x_wconf 83' lang='lat' dir='ltr'><strong>muliere</strong></span> <span class='ocrx_word' id='word_1_60' title='bbox 366 925 422 964; x_wconf 88' lang='lat' dir='ltr'><strong>sua</strong></span> <span class='ocrx_word' id='word_1_61' title='bbox 449 899 587 962; x_wconf 79' lang='lat' dir='ltr'>habuisti</span> <span class='ocrx_word' id='word_1_62' title='bbox 611 898 808 962; x_wconf 80' lang='lat' dir='ltr'><strong>conscicntia</strong></span> <span class='ocrx_word' id='word_1_63' title='bbox 829 921 893 962; x_wconf 82' lang='lat' dir='ltr'><strong>nus</strong></span> <span class='ocrx_word' id='word_1_64' title='bbox 917 923 978 964; x_wconf 84' lang='lat' dir='ltr'><strong>nee</strong></span> <span class='ocrx_word' id='word_1_65' title='bbox 998 937 1040 954; x_wconf 75' lang='grc' dir='ltr'><strong>-ι</strong></span> <span class='ocrx_word' id='word_1_66' title='bbox 1058 939 1100 958; x_wconf 49' lang='grc' dir='ltr'><strong>η-</strong></span> <span class='ocrx_word' id='word_1_67' title='bbox 1120 925 1183 966; x_wconf 73' lang='lat' dir='ltr'><strong>no-</strong></span> 
     </span>
     <span class='ocr_line' id='line_1_9' title="bbox 79 980 1184 1067; baseline 0.001 -21"><span class='ocrx_word' id='word_1_68' title='bbox 79 1007 156 1048; x_wconf 85' lang='lat' dir='ltr'><strong>rum</strong></span> <span class='ocrx_word' id='word_1_69' title='bbox 182 993 307 1067; x_wconf 78' lang='lat' dir='ltr'><strong>peracte</strong></span> <span class='ocrx_word' id='word_1_70' title='bbox 337 986 394 1046; x_wconf 89' lang='lat' dir='ltr'><strong>sed</strong></span> <span class='ocrx_word' id='word_1_71' title='bbox 422 995 533 1046; x_wconf 88' lang='lat' dir='ltr'><strong>eontra</strong></span> <span class='ocrx_word' id='word_1_72' title='bbox 565 980 720 1044; x_wconf 86' lang='lat' dir='ltr'><strong>canonica</strong></span> <span class='ocrx_word' id='word_1_73' title='bbox 746 1017 788 1028; x_wconf 87' lang='lat'><strong>—-</strong></span> <span class='ocrx_word' id='word_1_74' title='bbox 806 1016 849 1028; x_wconf 91' lang='lat'>-</span> <span class='ocrx_word' id='word_1_75' title='bbox 867 1016 907 1028; x_wconf 96' lang='lat'><em>-</em></span> <span class='ocrx_word' id='word_1_76' title='bbox 937 1006 976 1046; x_wconf 80' lang='lat' dir='ltr'><strong>ea</strong></span> <span class='ocrx_word' id='word_1_77' title='bbox 1002 986 1042 1047; x_wconf 89' lang='lat' dir='ltr'><strong>de</strong></span> <span class='ocrx_word' id='word_1_78' title='bbox 1072 995 1184 1048; x_wconf 74' lang='lat' dir='ltr'><strong>sancte</strong></span> 
     </span>
     <span class='ocr_line' id='line_1_10' title="bbox 79 1064 1185 1150; baseline 0.001 -20"><span class='ocrx_word' id='word_1_79' title='bbox 79 1066 337 1150; x_wconf 75' lang='lat' dir='ltr'><strong>Congregntione</strong></span> <span class='ocrx_word' id='word_1_80' title='bbox 358 1068 444 1150; x_wconf 82' lang='lat' dir='ltr'><strong>apud</strong></span> <span class='ocrx_word' id='word_1_81' title='bbox 470 1102 512 1114; x_wconf 91' lang='lat'><strong>-—</strong></span> <span class='ocrx_word' id='word_1_82' title='bbox 530 1095 573 1110; x_wconf 57' lang='lat'><strong>-*</strong></span> <span class='ocrx_word' id='word_1_83' title='bbox 591 1097 634 1110; x_wconf 85' lang='lat'><strong>—-</strong></span> <span class='ocrx_word' id='word_1_84' title='bbox 655 1085 721 1124; x_wconf 91' lang='lat' dir='ltr'><strong>non</strong></span> <span class='ocrx_word' id='word_1_85' title='bbox 751 1085 791 1125; x_wconf 84' lang='lat' dir='ltr'><strong>ex</strong></span> <span class='ocrx_word' id='word_1_86' title='bbox 812 1064 995 1144; x_wconf 82' lang='lat' dir='ltr'><strong>devotione,</strong></span> <span class='ocrx_word' id='word_1_87' title='bbox 1022 1068 1080 1130; x_wconf 76' lang='lat' dir='ltr'><strong>secl</strong></span> <span class='ocrx_word' id='word_1_88' title='bbox 1108 1089 1185 1130; x_wconf 88' lang='lat' dir='ltr'><strong>cnm</strong></span> 
     </span>
     <span class='ocr_line' id='line_1_11' title="bbox 79 1146 1184 1232; baseline 0.001 -23"><span class='ocrx_word' id='word_1_89' title='bbox 79 1172 156 1232; x_wconf 80' lang='lat' dir='ltr'><strong>gran</strong></span> <span class='ocrx_word' id='word_1_90' title='bbox 185 1187 227 1196; x_wconf 91' lang='lat'><strong>—</strong></span> <span class='ocrx_word' id='word_1_91' title='bbox 246 1183 288 1192; x_wconf 91' lang='lat'><strong>—</strong></span> <span class='ocrx_word' id='word_1_92' title='bbox 307 1183 349 1196; x_wconf 86' lang='lat'><strong>--</strong></span> <span class='ocrx_word' id='word_1_93' title='bbox 367 1183 410 1196; x_wconf 46' lang='grc' dir='ltr'><strong>ν-</strong></span> <span class='ocrx_word' id='word_1_94' title='bbox 428 1165 490 1210; x_wconf 85' lang='lat' dir='ltr'><strong>&#39;cur</strong></span> <span class='ocrx_word' id='word_1_95' title='bbox 517 1169 576 1208; x_wconf 86' lang='lat' dir='ltr'><strong>nos</strong></span> <span class='ocrx_word' id='word_1_96' title='bbox 596 1146 714 1208; x_wconf 86' lang='lat' dir='ltr'><strong>scimus</strong></span> <span class='ocrx_word' id='word_1_97' title='bbox 742 1147 872 1208; x_wconf 78' lang='lat' dir='ltr'><strong>damnes</strong></span> <span class='ocrx_word' id='word_1_98' title='bbox 898 1148 992 1210; x_wconf 86' lang='lat' dir='ltr'><strong>nimis</strong></span> <span class='ocrx_word' id='word_1_99' title='bbox 1017 1185 1061 1199; x_wconf 86' lang='lat'><strong>--</strong></span> <span class='ocrx_word' id='word_1_100' title='bbox 1079 1186 1122 1200; x_wconf 91' lang='lat'><em>-</em></span> <span class='ocrx_word' id='word_1_101' title='bbox 1140 1185 1184 1200; x_wconf 92' lang='lat'><strong>·-</strong></span> 
     </span>
     <span class='ocr_line' id='line_1_12' title="bbox 79 1227 1185 1318; baseline 0.005 -28"><span class='ocrx_word' id='word_1_102' title='bbox 79 1233 166 1294; x_wconf 88' lang='lat' dir='ltr'><strong>tollis</strong></span> <span class='ocrx_word' id='word_1_103' title='bbox 196 1233 242 1292; x_wconf 87' lang='lat' dir='ltr'><strong>eis</strong></span> <span class='ocrx_word' id='word_1_104' title='bbox 260 1251 374 1292; x_wconf 85' lang='lat' dir='ltr'><strong>aurum</strong></span> <span class='ocrx_word' id='word_1_105' title='bbox 397 1242 431 1296; x_wconf 89' lang='lat' dir='ltr'><strong>et</strong></span> <span class='ocrx_word' id='word_1_106' title='bbox 462 1237 629 1313; x_wconf 77' lang='lat' dir='ltr'><strong>argentum</strong></span> <span class='ocrx_word' id='word_1_107' title='bbox 652 1239 687 1290; x_wconf 86' lang='lat' dir='ltr'><strong>et</strong></span> <span class='ocrx_word' id='word_1_108' title='bbox 708 1227 909 1290; x_wconf 80' lang='lat' dir='ltr'><strong>honores-</strong></span> <span class='ocrx_word' id='word_1_109' title='bbox 928 1265 968 1278; x_wconf 91' lang='lat'><em>-</em></span> <span class='ocrx_word' id='word_1_110' title='bbox 986 1232 1104 1294; x_wconf 83' lang='lat' dir='ltr'><strong>liberat</strong></span> <span class='ocrx_word' id='word_1_111' title='bbox 1124 1249 1185 1318; x_wconf 77' lang='lat' dir='ltr'><strong>per</strong></span> 
     </span>
     <span class='ocr_line' id='line_1_13' title="bbox 77 1311 1186 1396; baseline 0.002 -22"><span class='ocrx_word' id='word_1_112' title='bbox 77 1315 135 1376; x_wconf 87' lang='lat' dir='ltr'><strong>has</strong></span> <span class='ocrx_word' id='word_1_113' title='bbox 150 1315 300 1396; x_wconf 81' lang='lat' dir='ltr'><strong>regiones</strong></span> <span class='ocrx_word' id='word_1_114' title='bbox 314 1335 374 1376; x_wconf 86' lang='lat' dir='ltr'><strong>cur</strong></span> <span class='ocrx_word' id='word_1_115' title='bbox 390 1324 421 1374; x_wconf 89' lang='lat' dir='ltr'><strong>te</strong></span> <span class='ocrx_word' id='word_1_116' title='bbox 444 1312 619 1395; x_wconf 82' lang='lat' dir='ltr'><strong>praesumis</strong></span> <span class='ocrx_word' id='word_1_117' title='bbox 644 1319 765 1370; x_wconf 85' lang='lat' dir='ltr'><strong>tantum</strong></span> <span class='ocrx_word' id='word_1_118' title='bbox 786 1311 935 1372; x_wconf 84' lang='lat' dir='ltr'><strong>damnare</strong></span> <span class='ocrx_word' id='word_1_119' title='bbox 947 1335 1039 1374; x_wconf 86' lang='lat' dir='ltr'><strong>sunm</strong></span> <span class='ocrx_word' id='word_1_120' title='bbox 1054 1315 1186 1378; x_wconf 76' lang='lat' dir='ltr'><strong>thesau-</strong></span> 
     </span>
     <span class='ocr_line' id='line_1_14' title="bbox 76 1395 1184 1476; baseline 0.001 -19"><span class='ocrx_word' id='word_1_121' title='bbox 76 1420 162 1462; x_wconf 87' lang='lat' dir='ltr'><strong>rum.</strong></span> <span class='ocrx_word' id='word_1_122' title='bbox 216 1398 313 1474; x_wconf 85' lang='lat' dir='ltr'><strong>Quod</strong></span> <span class='ocrx_word' id='word_1_123' title='bbox 346 1407 381 1458; x_wconf 86' lang='lat' dir='ltr'><strong>nt</strong></span> <span class='ocrx_word' id='word_1_124' title='bbox 417 1395 494 1456; x_wconf 89' lang='lat' dir='ltr'><strong>alibi</strong></span> <span class='ocrx_word' id='word_1_125' title='bbox 523 1396 577 1454; x_wconf 85' lang='lat' dir='ltr'><strong>nbi</strong></span> <span class='ocrx_word' id='word_1_126' title='bbox 602 1415 675 1454; x_wconf 90' lang='lat' dir='ltr'><strong>eum</strong></span> <span class='ocrx_word' id='word_1_127' title='bbox 704 1415 796 1474; x_wconf 81' lang='lat' dir='ltr'><strong>rogas</strong></span> <span class='ocrx_word' id='word_1_128' title='bbox 825 1415 892 1474; x_wconf 61' lang='lat' dir='ltr'><strong>vper</strong></span> <span class='ocrx_word' id='word_1_129' title='bbox 917 1402 970 1455; x_wconf 84' lang='lat' dir='ltr'><strong>tna</strong></span> <span class='ocrx_word' id='word_1_130' title='bbox 997 1399 1184 1476; x_wconf 76' lang='lat' dir='ltr'><strong>malefacta,</strong></span> 
     </span>
     <span class='ocr_line' id='line_1_15' title="bbox 80 1474 1186 1564; baseline 0.004 -26"><span class='ocrx_word' id='word_1_131' title='bbox 80 1479 170 1564; x_wconf 90' lang='lat' dir='ltr'><strong>qnod</strong></span> <span class='ocrx_word' id='word_1_132' title='bbox 198 1501 264 1540; x_wconf 91' lang='lat' dir='ltr'><strong>non</strong></span> <span class='ocrx_word' id='word_1_133' title='bbox 286 1490 375 1556; x_wconf 85' lang='lat' dir='ltr'><strong>sunt¹</strong></span> <span class='ocrx_word' id='word_1_134' title='bbox 390 1487 479 1560; x_wconf 86' lang='lat' dir='ltr'><strong>apta,</strong></span> <span class='ocrx_word' id='word_1_135' title='bbox 510 1499 594 1537; x_wconf 79' lang='lat' dir='ltr'><strong>amas</strong></span> <span class='ocrx_word' id='word_1_136' title='bbox 611 1475 721 1557; x_wconf 82' lang='lat' dir='ltr'><strong>puella</strong></span> <span class='ocrx_word' id='word_1_137' title='bbox 744 1475 830 1536; x_wconf 83' lang='lat' dir='ltr'><strong>hello</strong></span> <span class='ocrx_word' id='word_1_138' title='bbox 862 1474 903 1536; x_wconf 91' lang='lat' dir='ltr'><strong>de</strong></span> <span class='ocrx_word' id='word_1_139' title='bbox 926 1478 1069 1558; x_wconf 81' lang='lat' dir='ltr'><strong>qualibet</strong></span> <span class='ocrx_word' id='word_1_140' title='bbox 1097 1489 1186 1542; x_wconf 76' lang='lat' dir='ltr'><strong>terro</strong></span> 
     </span>
     <span class='ocr_line' id='line_1_16' title="bbox 76 1558 1184 1648; baseline -0.002 -26"><span class='ocrx_word' id='word_1_141' title='bbox 76 1585 140 1648; x_wconf 87' lang='lat' dir='ltr'><strong>pro</strong></span> <span class='ocrx_word' id='word_1_142' title='bbox 162 1561 412 1624; x_wconf 78' lang='lat' dir='ltr'><strong>nullabonitale</strong></span> <span class='ocrx_word' id='word_1_143' title='bbox 429 1583 488 1620; x_wconf 89' lang='lat' dir='ltr'><strong>nec</strong></span> <span class='ocrx_word' id='word_1_144' title='bbox 508 1569 613 1620; x_wconf 87' lang='lat' dir='ltr'><strong>sancta</strong></span> <span class='ocrx_word' id='word_1_145' title='bbox 629 1558 768 1624; x_wconf 80' lang='lat' dir='ltr'><strong>caritate.</strong></span> <span class='ocrx_word' id='word_1_146' title='bbox 809 1559 917 1623; x_wconf 84' lang='lat' dir='ltr'><strong>Bonus</strong></span> <span class='ocrx_word' id='word_1_147' title='bbox 937 1580 1102 1643; x_wconf 86' lang='lat' dir='ltr'><strong>nunquam</strong></span> <span class='ocrx_word' id='word_1_148' title='bbox 1120 1561 1184 1624; x_wconf 82' lang='lat' dir='ltr'><strong>eris</strong></span> 
     </span>
     <span class='ocr_line' id='line_1_17' title="bbox 81 1638 1183 1721; baseline -0.002 -15"><span class='ocrx_word' id='word_1_149' title='bbox 81 1649 164 1706; x_wconf 88' lang='lat' dir='ltr'><strong>dum</strong></span> <span class='ocrx_word' id='word_1_150' title='bbox 188 1645 256 1704; x_wconf 81' lang='lat' dir='ltr'><strong>tole</strong></span> <span class='ocrx_word' id='word_1_151' title='bbox 284 1642 336 1702; x_wconf 88' lang='lat' dir='ltr'><strong>via</strong></span> <span class='ocrx_word' id='word_1_152' title='bbox 363 1652 461 1706; x_wconf 76' lang='lat' dir='ltr'><strong>tenes.</strong></span> <span class='ocrx_word' id='word_1_153' title='bbox 510 1643 572 1701; x_wconf 88' lang='lat' dir='ltr'><strong>Pcr</strong></span> <span class='ocrx_word' id='word_1_154' title='bbox 595 1647 649 1698; x_wconf 89' lang='lat' dir='ltr'><strong>tna</strong></span> <span class='ocrx_word' id='word_1_155' title='bbox 671 1649 763 1699; x_wconf 82' lang='lat' dir='ltr'><strong>cantu</strong></span> <span class='ocrx_word' id='word_1_156' title='bbox 791 1638 959 1721; x_wconf 76' lang='lat' dir='ltr'><strong>longa‘sat</strong></span> <span class='ocrx_word' id='word_1_157' title='bbox 988 1642 1034 1704; x_wconf 90' lang='lat' dir='ltr'><strong>ire</strong></span> <span class='ocrx_word' id='word_1_158' title='bbox 1063 1644 1090 1704; x_wconf 87' lang='lat' dir='ltr'><strong>si</strong></span> <span class='ocrx_word' id='word_1_159' title='bbox 1117 1665 1183 1704; x_wconf 88' lang='lat' dir='ltr'><strong>non</strong></span> 
     </span>
     <span class='ocr_line' id='line_1_18' title="bbox 85 1723 1183 1806; baseline 0.002 -20"><span class='ocrx_word' id='word_1_160' title='bbox 85 1735 145 1787; x_wconf 86' lang='lat' dir='ltr'><strong>est.</strong></span> <span class='ocrx_word' id='word_1_161' title='bbox 187 1724 253 1787; x_wconf 86' lang='lat' dir='ltr'><strong>Per</strong></span> <span class='ocrx_word' id='word_1_162' title='bbox 274 1724 379 1786; x_wconf 87' lang='lat' dir='ltr'><strong>omnia</strong></span> <span class='ocrx_word' id='word_1_163' title='bbox 406 1723 480 1782; x_wconf 87' lang='lat' dir='ltr'><strong>iube</strong></span> <span class='ocrx_word' id='word_1_164' title='bbox 503 1731 697 1798; x_wconf 70' lang='lat' dir='ltr'><strong>monstrare,</strong></span> <span class='ocrx_word' id='word_1_165' title='bbox 722 1730 760 1782; x_wconf 88' lang='lat' dir='ltr'><strong>ut</strong></span> <span class='ocrx_word' id='word_1_166' title='bbox 787 1742 851 1780; x_wconf 90' lang='lat' dir='ltr'><strong>non</strong></span> <span class='ocrx_word' id='word_1_167' title='bbox 881 1745 991 1803; x_wconf 85' lang='lat' dir='ltr'><strong>pereas</strong></span> <span class='ocrx_word' id='word_1_168' title='bbox 1011 1745 1070 1806; x_wconf 91' lang='lat' dir='ltr'><strong>per</strong></span> <span class='ocrx_word' id='word_1_169' title='bbox 1090 1725 1183 1797; x_wconf 74' lang='lat' dir='ltr'><strong>tnlisr</strong></span> 
     </span>
     <span class='ocr_line' id='line_1_19' title="bbox 87 1802 1185 1888; baseline 0.004 -22"><span class='ocrx_word' id='word_1_170' title='bbox 87 1802 167 1888; x_wconf 83' lang='lat' dir='ltr'><strong>quin</strong></span> <span class='ocrx_word' id='word_1_171' title='bbox 195 1805 400 1867; x_wconf 76' lang='lat' dir='ltr'><strong>fornicatoris</strong></span> <span class='ocrx_word' id='word_1_172' title='bbox 422 1808 509 1868; x_wconf 91' lang='lat' dir='ltr'><strong>Dens</strong></span> <span class='ocrx_word' id='word_1_173' title='bbox 537 1803 699 1864; x_wconf 81' lang='lat' dir='ltr'><strong>iudicabit.</strong></span> <span class='ocrx_word' id='word_1_174' title='bbox 748 1805 796 1862; x_wconf 89' lang='lat' dir='ltr'><strong>De</strong></span> <span class='ocrx_word' id='word_1_175' title='bbox 820 1804 929 1884; x_wconf 82' lang='lat' dir='ltr'><strong>culpas</strong></span> <span class='ocrx_word' id='word_1_176' title='bbox 954 1815 1023 1868; x_wconf 85' lang='lat' dir='ltr'><strong>tuas</strong></span> <span class='ocrx_word' id='word_1_177' title='bbox 1049 1807 1126 1868; x_wconf 81' lang='lat' dir='ltr'><strong>alias</strong></span> <span class='ocrx_word' id='word_1_178' title='bbox 1151 1817 1185 1870; x_wconf 81' lang='lat' dir='ltr'><strong>to</strong></span> 
     </span>
     <span class='ocr_line' id='line_1_20' title="bbox 84 1883 1188 1973; baseline 0.001 -23"><span class='ocrx_word' id='word_1_179' title='bbox 84 1909 182 1973; x_wconf 79' lang='lat' dir='ltr'><strong>poseo</strong></span> <span class='ocrx_word' id='word_1_180' title='bbox 208 1889 406 1950; x_wconf 74' lang='lat' dir='ltr'>contristare.</span> <span class='ocrx_word' id='word_1_181' title='bbox 462 1887 526 1946; x_wconf 76' lang='lat' dir='ltr'><strong>Secl</strong></span> <span class='ocrx_word' id='word_1_182' title='bbox 555 1897 591 1945; x_wconf 90' lang='lat' dir='ltr'><strong>tu</strong></span> <span class='ocrx_word' id='word_1_183' title='bbox 620 1885 709 1944; x_wconf 88' lang='lat' dir='ltr'><strong>iubes</strong></span> <span class='ocrx_word' id='word_1_184' title='bbox 736 1883 816 1944; x_wconf 87' lang='lat' dir='ltr'><strong>mihi</strong></span> <span class='ocrx_word' id='word_1_185' title='bbox 842 1887 959 1948; x_wconf 84' lang='lat' dir='ltr'><strong>exinde</strong></span> <span class='ocrx_word' id='word_1_186' title='bbox 988 1887 1112 1969; x_wconf 87' lang='lat' dir='ltr'><strong>aliquid</strong></span> <span class='ocrx_word' id='word_1_187' title='bbox 1137 1903 1188 1951; x_wconf 79' lang='lat' dir='ltr'><strong>re·</strong></span> 
     </span>
     <span class='ocr_line' id='line_1_21' title="bbox 85 1965 1187 2052; baseline -0.001 -21"><span class='ocrx_word' id='word_1_188' title='bbox 85 1971 253 2046; x_wconf 80' lang='lat' dir='ltr'><strong>mandare,</strong></span> <span class='ocrx_word' id='word_1_189' title='bbox 278 1975 313 2030; x_wconf 82' lang='lat' dir='ltr'><strong>ut</strong></span> <span class='ocrx_word' id='word_1_190' title='bbox 336 1969 368 2028; x_wconf 91' lang='lat' dir='ltr'><strong>in</strong></span> <span class='ocrx_word' id='word_1_191' title='bbox 398 1968 493 2052; x_wconf 73' lang='lat' dir='ltr'><strong>quinle</strong></span> <span class='ocrx_word' id='word_1_192' title='bbox 516 1969 608 2028; x_wconf 89' lang='lat' dir='ltr'><strong>nobis</strong></span> <span class='ocrx_word' id='word_1_193' title='bbox 632 1965 748 2028; x_wconf 88' lang='lat' dir='ltr'><strong>retenit</strong></span> <span class='ocrx_word' id='word_1_194' title='bbox 775 1967 807 2025; x_wconf 92' lang='lat' dir='ltr'><strong>in</strong></span> <span class='ocrx_word' id='word_1_195' title='bbox 832 1977 887 2028; x_wconf 86' lang='lat' dir='ltr'><strong>tna</strong></span> <span class='ocrx_word' id='word_1_196' title='bbox 910 1969 1040 2030; x_wconf 83' lang='lat' dir='ltr'><strong>caritate</strong></span> <span class='ocrx_word' id='word_1_197' title='bbox 1069 1979 1187 2032; x_wconf 84' lang='lat' dir='ltr'><strong>exeant</strong></span> 
     </span>
     <span class='ocr_line' id='line_1_22' title="bbox 85 2048 1186 2134; baseline -0.001 -21"><span class='ocrx_word' id='word_1_198' title='bbox 85 2054 162 2114; x_wconf 85' lang='lat' dir='ltr'><strong>istas</strong></span> <span class='ocrx_word' id='word_1_199' title='bbox 185 2051 393 2132; x_wconf 80' lang='lat' dir='ltr'><strong>exemplarias</strong></span> <span class='ocrx_word' id='word_1_200' title='bbox 417 2072 477 2134; x_wconf 90' lang='lat' dir='ltr'><strong>pcr</strong></span> <span class='ocrx_word' id='word_1_201' title='bbox 507 2052 624 2110; x_wconf 83' lang='lat' dir='ltr'><strong>mullas</strong></span> <span class='ocrx_word' id='word_1_202' title='bbox 652 2048 767 2132; x_wconf 86' lang='lat' dir='ltr'><strong>patrias</strong></span> <span class='ocrx_word' id='word_1_203' title='bbox 788 2048 857 2130; x_wconf 89' lang='lat' dir='ltr'><strong>ipso</strong></span> <span class='ocrx_word' id='word_1_204' title='bbox 881 2051 998 2113; x_wconf 90' lang='lat' dir='ltr'><strong>domno</strong></span> <span class='ocrx_word' id='word_1_205' title='bbox 1020 2052 1082 2112; x_wconf 90' lang='lat' dir='ltr'><strong>boc</strong></span> <span class='ocrx_word' id='word_1_206' title='bbox 1106 2054 1186 2114; x_wconf 78' lang='lat' dir='ltr'><strong>reli·</strong></span> 
     </span>
     <span class='ocr_line' id='line_1_23' title="bbox 85 2129 1181 2218; baseline 0.002 -24"><span class='ocrx_word' id='word_1_207' title='bbox 85 2157 152 2218; x_wconf 92' lang='lat' dir='ltr'><strong>quo</strong></span> <span class='ocrx_word' id='word_1_208' title='bbox 174 2155 207 2196; x_wconf 88' lang='lat' dir='ltr'><strong>se</strong></span> <span class='ocrx_word' id='word_1_209' title='bbox 231 2133 311 2196; x_wconf 85' lang='lat' dir='ltr'><strong>vidis</strong></span> <span class='ocrx_word' id='word_1_210' title='bbox 337 2134 438 2194; x_wconf 85' lang='lat' dir='ltr'><strong>amico</strong></span> <span class='ocrx_word' id='word_1_211' title='bbox 461 2132 517 2213; x_wconf 89' lang='lat' dir='ltr'><strong>qui</strong></span> <span class='ocrx_word' id='word_1_212' title='bbox 542 2143 573 2193; x_wconf 92' lang='lat' dir='ltr'><strong>te</strong></span> <span class='ocrx_word' id='word_1_213' title='bbox 598 2131 658 2192; x_wconf 89' lang='lat' dir='ltr'><strong>hoc</strong></span> <span class='ocrx_word' id='word_1_214' title='bbox 680 2129 806 2190; x_wconf 81' lang='lat' dir='ltr'><strong>nuntiat</strong></span> <span class='ocrx_word' id='word_1_215' title='bbox 834 2139 867 2192; x_wconf 88' lang='lat' dir='ltr'><strong>et</strong></span> <span class='ocrx_word' id='word_1_216' title='bbox 891 2131 989 2196; x_wconf 83' lang='lat' dir='ltr'><strong>donet</strong></span> <span class='ocrx_word' id='word_1_217' title='bbox 1008 2132 1181 2197; x_wconf 87' lang='lat' dir='ltr'><strong>consilium</strong></span> 
     </span>
     <span class='ocr_line' id='line_1_24' title="bbox 83 2212 1183 2307; baseline 0 -27"><span class='ocrx_word' id='word_1_218' title='bbox 83 2237 208 2294; x_wconf 77' lang='lat' dir='ltr'><strong>verum,</strong></span> <span class='ocrx_word' id='word_1_219' title='bbox 231 2217 286 2278; x_wconf 88' lang='lat' dir='ltr'><strong>sed</strong></span> <span class='ocrx_word' id='word_1_220' title='bbox 311 2221 341 2275; x_wconf 88' lang='lat' dir='ltr'><strong>te</strong></span> <span class='ocrx_word' id='word_1_221' title='bbox 363 2214 461 2298; x_wconf 77' lang='lat' dir='ltr'><strong>placit</strong></span> <span class='ocrx_word' id='word_1_222' title='bbox 486 2217 554 2307; x_wconf 71' lang='lat' dir='ltr'><strong>lege</strong></span> <span class='ocrx_word' id='word_1_223' title='bbox 577 2223 609 2274; x_wconf 90' lang='lat' dir='ltr'><strong>et</strong></span> <span class='ocrx_word' id='word_1_224' title='bbox 632 2212 718 2296; x_wconf 81' lang='lat' dir='ltr'><strong>pliga</strong></span> <span class='ocrx_word' id='word_1_225' title='bbox 737 2213 771 2273; x_wconf 91' lang='lat' dir='ltr'><strong>in</strong></span> <span class='ocrx_word' id='word_1_226' title='bbox 800 2220 929 2298; x_wconf 80' lang='lat' dir='ltr'><strong>pectore</strong></span> <span class='ocrx_word' id='word_1_227' title='bbox 954 2236 1084 2302; x_wconf 81' lang='lat' dir='ltr'><strong>repone.</strong></span> <span class='ocrx_word' id='word_1_228' title='bbox 1124 2217 1183 2282; x_wconf 85' lang='lat' dir='ltr'><strong>Sin</strong></span> 
     </span>
     <span class='ocr_line' id='line_1_25' title="bbox 79 2296 676 2376; baseline -0.005 -16"><span class='ocrx_word' id='word_1_229' title='bbox 79 2309 275 2368; x_wconf 86' lang='lat' dir='ltr'><strong>autemnon</strong></span> <span class='ocrx_word' id='word_1_230' title='bbox 296 2297 356 2376; x_wconf 79' lang='lat' dir='ltr'><strong>vis,</strong></span> <span class='ocrx_word' id='word_1_231' title='bbox 372 2296 500 2358; x_wconf 85' lang='lat' dir='ltr'><strong>inheret</strong></span> <span class='ocrx_word' id='word_1_232' title='bbox 521 2317 555 2356; x_wconf 78' lang='lat' dir='ltr'><strong>in</strong></span> <span class='ocrx_word' id='word_1_233' title='bbox 578 2296 676 2357; x_wconf 88' lang='lat' dir='ltr'><strong>dude.</strong></span> 
     </span>
    </p>
   </div>
   <div class='ocr_carea' id='block_1_3' title="bbox 544 2467 721 2558">
    <p class='ocr_par' dir='ltr' id='par_1_3' title="bbox 544 2467 721 2558">
     <span class='ocr_line' id='line_1_26' title="bbox 544 2467 721 2558; baseline -0.011 -4"><span class='ocrx_word' id='word_1_234' title='bbox 544 2467 624 2554; x_wconf 77' lang='lat' dir='ltr'><strong>Item</strong></span> <span class='ocrx_word' id='word_1_235' title='bbox 646 2480 721 2558; x_wconf 53' lang='lat' dir='ltr'><strong>alie,</strong></span> 
     </span>
    </p>
   </div>
   <div class='ocr_carea' id='block_1_4' title="bbox 80 2654 1183 4223">
    <p class='ocr_par' dir='ltr' id='par_1_4' title="bbox 80 2654 1183 4223">
     <span class='ocr_line' id='line_1_27' title="bbox 158 2654 1183 2748; baseline 0.005 -22"><span class='ocrx_word' id='word_1_236' title='bbox 158 2661 249 2730; x_wconf 84' lang='lat' dir='ltr'><strong>XIV.</strong></span> <span class='ocrx_word' id='word_1_237' title='bbox 290 2661 459 2748; x_wconf 86' lang='lat' dir='ltr'><strong>Incipiunt</strong></span> <span class='ocrx_word' id='word_1_238' title='bbox 482 2663 579 2726; x_wconf 77' lang='lat' dir='ltr'><strong>verbe</strong></span> <span class='ocrx_word' id='word_1_239' title='bbox 596 2682 656 2744; x_wconf 90' lang='lat' dir='ltr'><strong>per</strong></span> <span class='ocrx_word' id='word_1_240' title='bbox 675 2654 919 2726; x_wconf 75' lang='lat' dir='ltr'><strong>similitudinem</strong></span> <span class='ocrx_word' id='word_1_241' title='bbox 942 2663 1052 2728; x_wconf 82' lang='lat' dir='ltr'><strong>innota</strong></span> <span class='ocrx_word' id='word_1_242' title='bbox 1078 2661 1118 2730; x_wconf 85' lang='lat' dir='ltr'><strong>de</strong></span> <span class='ocrx_word' id='word_1_243' title='bbox 1146 2657 1183 2730; x_wconf 70' lang='lat' dir='ltr'><strong>fis</strong></span> 
     </span>
     <span class='ocr_line' id='line_1_28' title="bbox 82 2739 1181 2830; baseline 0.005 -22"><span class='ocrx_word' id='word_1_244' title='bbox 82 2739 121 2808; x_wconf 77' lang='lat' dir='ltr'><strong>rie</strong></span> <span class='ocrx_word' id='word_1_245' title='bbox 147 2767 266 2824; x_wconf 77' lang='lat' dir='ltr'><strong>rocoa,</strong></span> <span class='ocrx_word' id='word_1_246' title='bbox 288 2746 374 2807; x_wconf 88' lang='lat' dir='ltr'><strong>dono</strong></span> <span class='ocrx_word' id='word_1_247' title='bbox 402 2747 502 2828; x_wconf 92' lang='lat' dir='ltr'><strong>pleno</strong></span> <span class='ocrx_word' id='word_1_248' title='bbox 532 2746 691 2808; x_wconf 80' lang='lat' dir='ltr'><strong>falsatore.</strong></span> <span class='ocrx_word' id='word_1_249' title='bbox 733 2743 839 2826; x_wconf 80' lang='lat' dir='ltr'><strong>Agiuo</strong></span> <span class='ocrx_word' id='word_1_250' title='bbox 865 2748 1016 2809; x_wconf 77' lang='lat' dir='ltr'><strong>Salomon</strong></span> <span class='ocrx_word' id='word_1_251' title='bbox 1043 2769 1103 2830; x_wconf 92' lang='lat' dir='ltr'><strong>pro</strong></span> <span class='ocrx_word' id='word_1_252' title='bbox 1127 2771 1181 2814; x_wconf 79' lang='lat' dir='ltr'><strong>sn·</strong></span> 
     </span>
     <span class='ocr_line' id='line_1_29' title="bbox 83 2826 1181 2911; baseline 0.009 -25"><span class='ocrx_word' id='word_1_253' title='bbox 83 2827 205 2911; x_wconf 81' lang='lat' dir='ltr'><strong>pientia</strong></span> <span class='ocrx_word' id='word_1_254' title='bbox 234 2829 318 2892; x_wconf 83' lang='lat' dir='ltr'><strong>bene</strong></span> <span class='ocrx_word' id='word_1_255' title='bbox 353 2829 480 2907; x_wconf 84' lang='lat' dir='ltr'><strong>scripsit</strong></span> <span class='ocrx_word' id='word_1_256' title='bbox 513 2826 597 2888; x_wconf 75' lang='lat' dir='ltr'><strong>lianc</strong></span> <span class='ocrx_word' id='word_1_257' title='bbox 622 2827 830 2904; x_wconf 77' lang='lat' dir='ltr'><strong>seutentiam,</strong></span> <span class='ocrx_word' id='word_1_258' title='bbox 860 2837 899 2886; x_wconf 87' lang='lat' dir='ltr'><strong>nt</strong></span> <span class='ocrx_word' id='word_1_259' title='bbox 924 2850 965 2890; x_wconf 89' lang='lat' dir='ltr'><strong>ne</strong></span> <span class='ocrx_word' id='word_1_260' title='bbox 986 2831 1099 2892; x_wconf 85' lang='lat' dir='ltr'><strong>similis</strong></span> <span class='ocrx_word' id='word_1_261' title='bbox 1124 2833 1181 2896; x_wconf 86' lang='lat' dir='ltr'><strong>liat</strong></span> 
     </span>
     <span class='ocr_line' id='line_1_30' title="bbox 84 2907 1178 2994; baseline 0 -20"><span class='ocrx_word' id='word_1_262' title='bbox 84 2911 193 2986; x_wconf 83' lang='lat' dir='ltr'><strong>stulto,</strong></span> <span class='ocrx_word' id='word_1_263' title='bbox 215 2931 379 2992; x_wconf 87' lang='lat' dir='ltr'><strong>nunquam</strong></span> <span class='ocrx_word' id='word_1_264' title='bbox 402 2909 573 2994; x_wconf 86' lang='lat' dir='ltr'><strong>respondes</strong></span> <span class='ocrx_word' id='word_1_265' title='bbox 590 2907 619 2968; x_wconf 91' lang='lat' dir='ltr'><strong>ei</strong></span> <span class='ocrx_word' id='word_1_266' title='bbox 641 2908 674 2966; x_wconf 88' lang='lat' dir='ltr'><strong>in</strong></span> <span class='ocrx_word' id='word_1_267' title='bbox 696 2919 807 2984; x_wconf 88' lang='lat' dir='ltr'><strong>mutto,</strong></span> <span class='ocrx_word' id='word_1_268' title='bbox 830 2915 862 2969; x_wconf 88' lang='lat' dir='ltr'><strong>et</strong></span> <span class='ocrx_word' id='word_1_269' title='bbox 877 2913 1044 2971; x_wconf 78' lang='lat' dir='ltr'><strong>retractavi</strong></span> <span class='ocrx_word' id='word_1_270' title='bbox 1063 2922 1128 2972; x_wconf 87' lang='lat' dir='ltr'><strong>tnm</strong></span> <span class='ocrx_word' id='word_1_271' title='bbox 1143 2915 1178 2974; x_wconf 90' lang='lat' dir='ltr'><strong>in</strong></span> 
     </span>
     <span class='ocr_line' id='line_1_31' title="bbox 84 2989 1181 3073; baseline 0.003 -20"><span class='ocrx_word' id='word_1_272' title='bbox 84 2991 225 3053; x_wconf 88' lang='lat' dir='ltr'><strong>multum</strong></span> <span class='ocrx_word' id='word_1_273' title='bbox 245 2993 289 3054; x_wconf 89' lang='lat' dir='ltr'><strong>sic</strong></span> <span class='ocrx_word' id='word_1_274' title='bbox 310 2992 502 3073; x_wconf 85' lang='lat' dir='ltr'><strong>respondere</strong></span> <span class='ocrx_word' id='word_1_275' title='bbox 523 2991 600 3052; x_wconf 90' lang='lat' dir='ltr'><strong>iussi</strong></span> <span class='ocrx_word' id='word_1_276' title='bbox 617 2990 715 3051; x_wconf 85' lang='lat' dir='ltr'><strong>stulto</strong></span> <span class='ocrx_word' id='word_1_277' title='bbox 732 3001 769 3051; x_wconf 90' lang='lat' dir='ltr'><strong>ut</strong></span> <span class='ocrx_word' id='word_1_278' title='bbox 783 2989 1025 3051; x_wconf 82' lang='lat' dir='ltr'><strong>confundentur</strong></span> <span class='ocrx_word' id='word_1_279' title='bbox 1046 2995 1181 3056; x_wconf 87' lang='lat' dir='ltr'><strong>stultum</strong></span> 
     </span>
     <span class='ocr_line' id='line_1_32' title="bbox 83 3070 1179 3156; baseline 0.004 -23"><span class='ocrx_word' id='word_1_280' title='bbox 83 3073 183 3156; x_wconf 78' lang='lat' dir='ltr'><strong>grado</strong></span> <span class='ocrx_word' id='word_1_281' title='bbox 204 3091 372 3155; x_wconf 85' lang='lat' dir='ltr'><strong>nunquam</strong></span> <span class='ocrx_word' id='word_1_282' title='bbox 395 3083 569 3155; x_wconf 85' lang='lat' dir='ltr'><strong>praesumat</strong></span> <span class='ocrx_word' id='word_1_283' title='bbox 596 3071 733 3154; x_wconf 75' lang='lat' dir='ltr'><strong>gloriare</strong></span> <span class='ocrx_word' id='word_1_284' title='bbox 760 3070 913 3153; x_wconf 87' lang='lat' dir='ltr'><strong>respondi</strong></span> <span class='ocrx_word' id='word_1_285' title='bbox 936 3072 1002 3132; x_wconf 84' lang='lat' dir='ltr'><strong>dixi</strong></span> <span class='ocrx_word' id='word_1_286' title='bbox 1026 3083 1057 3135; x_wconf 86' lang='lat' dir='ltr'><strong>te</strong></span> <span class='ocrx_word' id='word_1_287' title='bbox 1083 3077 1179 3136; x_wconf 80' lang='lat' dir='ltr'><strong>salse-</strong></span> 
     </span>
     <span class='ocr_line' id='line_1_33' title="bbox 82 3153 1179 3237; baseline 0.003 -21"><span class='ocrx_word' id='word_1_288' title='bbox 82 3165 153 3216; x_wconf 83' lang='lat' dir='ltr'><strong>tore</strong></span> <span class='ocrx_word' id='word_1_289' title='bbox 178 3176 239 3218; x_wconf 91' lang='lat' dir='ltr'><strong>nec</strong></span> <span class='ocrx_word' id='word_1_290' title='bbox 266 3157 297 3218; x_wconf 91' lang='lat' dir='ltr'><strong>ei</strong></span> <span class='ocrx_word' id='word_1_291' title='bbox 320 3177 428 3237; x_wconf 86' lang='lat' dir='ltr'><strong>parcas</strong></span> <span class='ocrx_word' id='word_1_292' title='bbox 450 3155 482 3216; x_wconf 91' lang='lat' dir='ltr'><strong>in</strong></span> <span class='ocrx_word' id='word_1_293' title='bbox 509 3175 654 3216; x_wconf 86' lang='lat' dir='ltr'><strong>sermone</strong></span> <span class='ocrx_word' id='word_1_294' title='bbox 680 3153 793 3236; x_wconf 91' lang='lat' dir='ltr'><strong>quise</strong></span> <span class='ocrx_word' id='word_1_295' title='bbox 820 3157 997 3234; x_wconf 86' lang='lat' dir='ltr'><strong>plantatum</strong></span> <span class='ocrx_word' id='word_1_296' title='bbox 1021 3175 1061 3216; x_wconf 85' lang='lat' dir='ltr'><strong>ex</strong></span> <span class='ocrx_word' id='word_1_297' title='bbox 1081 3156 1179 3219; x_wconf 85' lang='lat' dir='ltr'><strong>robo-</strong></span> 
     </span>
     <span class='ocr_line' id='line_1_34' title="bbox 81 3232 1180 3320; baseline 0.001 -20"><span class='ocrx_word' id='word_1_298' title='bbox 81 3259 117 3300; x_wconf 88' lang='lat' dir='ltr'><strong>re</strong></span> <span class='ocrx_word' id='word_1_299' title='bbox 139 3237 197 3320; x_wconf 90' lang='lat' dir='ltr'><strong>qui</strong></span> <span class='ocrx_word' id='word_1_300' title='bbox 221 3259 286 3302; x_wconf 86' lang='lat' dir='ltr'><strong>non</strong></span> <span class='ocrx_word' id='word_1_301' title='bbox 315 3237 457 3320; x_wconf 88' lang='lat' dir='ltr'><strong>pepercit</strong></span> <span class='ocrx_word' id='word_1_302' title='bbox 476 3259 534 3298; x_wconf 87' lang='lat' dir='ltr'><strong>sno</strong></span> <span class='ocrx_word' id='word_1_303' title='bbox 564 3259 618 3298; x_wconf 88' lang='lat' dir='ltr'><strong>ore</strong></span> <span class='ocrx_word' id='word_1_304' title='bbox 646 3232 840 3316; x_wconf 81' lang='lat' dir='ltr'><strong>veneloquio</strong></span> <span class='ocrx_word' id='word_1_305' title='bbox 864 3255 1035 3297; x_wconf 83' lang='lat' dir='ltr'><strong>susorrone</strong></span> <span class='ocrx_word' id='word_1_306' title='bbox 1062 3239 1180 3300; x_wconf 78' lang='lat' dir='ltr'><strong>verbo·</strong></span> 
     </span>
     <span class='ocr_line' id='line_1_35' title="bbox 80 3317 1181 3396; baseline 0.001 -14"><span class='ocrx_word' id='word_1_307' title='bbox 80 3341 153 3382; x_wconf 86' lang='lat' dir='ltr'><strong>rum</strong></span> <span class='ocrx_word' id='word_1_308' title='bbox 185 3320 321 3382; x_wconf 80' lang='lat' dir='ltr'><strong>vulnera</strong></span> <span class='ocrx_word' id='word_1_309' title='bbox 358 3336 491 3381; x_wconf 88' lang='lat' dir='ltr'><strong>murone</strong></span> <span class='ocrx_word' id='word_1_310' title='bbox 546 3319 578 3378; x_wconf 88' lang='lat' dir='ltr'><strong>ni</strong></span> <span class='ocrx_word' id='word_1_311' title='bbox 604 3317 654 3380; x_wconf 87' lang='lat' dir='ltr'><strong>sni</strong></span> <span class='ocrx_word' id='word_1_312' title='bbox 684 3317 737 3377; x_wconf 90' lang='lat' dir='ltr'><strong>obl</strong></span> <span class='ocrx_word' id='word_1_313' title='bbox 765 3353 807 3365; x_wconf 89' lang='lat'><em>-</em></span> <span class='ocrx_word' id='word_1_314' title='bbox 835 3349 877 3362; x_wconf 89' lang='lat'>-</span> <span class='ocrx_word' id='word_1_315' title='bbox 903 3317 1082 3396; x_wconf 74' lang='lat' dir='ltr'><strong>adiutorio,</strong></span> <span class='ocrx_word' id='word_1_316' title='bbox 1118 3321 1181 3382; x_wconf 78' lang='lat' dir='ltr'><strong>itu-¹</strong></span> 
     </span>
     <span class='ocr_line' id='line_1_36' title="bbox 80 3338 1177 3485; baseline 0.002 -23"><span class='ocrx_word' id='word_1_317' title='bbox 80 3423 237 3463; x_wconf 87' lang='lat' dir='ltr'><strong>memores</strong></span> <span class='ocrx_word' id='word_1_318' title='bbox 264 3402 453 3480; x_wconf 88' lang='lat' dir='ltr'><strong>nutritoris,</strong></span> <span class='ocrx_word' id='word_1_319' title='bbox 490 3338 622 3463; x_wconf 71' lang='lat' dir='ltr'><strong>caicavit</strong></span> <span class='ocrx_word' id='word_1_320' title='bbox 641 3427 684 3446; x_wconf 59' lang='grc' dir='ltr'><strong>-ι</strong></span> <span class='ocrx_word' id='word_1_321' title='bbox 710 3431 752 3445; x_wconf 45' lang='grc' dir='ltr'><strong>κ-</strong></span> <span class='ocrx_word' id='word_1_322' title='bbox 771 3399 828 3480; x_wconf 89' lang='lat' dir='ltr'><strong>qui</strong></span> <span class='ocrx_word' id='word_1_323' title='bbox 854 3398 898 3460; x_wconf 87' lang='lat' dir='ltr'><strong>fei</strong></span> <span class='ocrx_word' id='word_1_324' title='bbox 928 3399 1000 3461; x_wconf 82' lang='lat' dir='ltr'><strong>date</strong></span> <span class='ocrx_word' id='word_1_325' title='bbox 1028 3411 1061 3463; x_wconf 91' lang='lat' dir='ltr'><strong>et</strong></span> <span class='ocrx_word' id='word_1_326' title='bbox 1086 3393 1177 3485; x_wconf 89' lang='lat' dir='ltr'><strong>prio·</strong></span> 
     </span>
     <span class='ocr_line' id='line_1_37' title="bbox 80 3481 1180 3567; baseline 0.001 -22"><span class='ocrx_word' id='word_1_327' title='bbox 80 3484 125 3545; x_wconf 91' lang='lat' dir='ltr'><strong>ris</strong></span> <span class='ocrx_word' id='word_1_328' title='bbox 146 3483 247 3546; x_wconf 86' lang='lat' dir='ltr'><strong>alodis</strong></span> <span class='ocrx_word' id='word_1_329' title='bbox 268 3485 317 3546; x_wconf 89' lang='lat' dir='ltr'><strong>sni</strong></span> <span class='ocrx_word' id='word_1_330' title='bbox 340 3484 531 3567; x_wconf 87' lang='lat' dir='ltr'><strong>reparatoris</strong></span> <span class='ocrx_word' id='word_1_331' title='bbox 552 3481 694 3547; x_wconf 87' lang='lat' dir='ltr'><strong>sordidas</strong></span> <span class='ocrx_word' id='word_1_332' title='bbox 722 3482 821 3543; x_wconf 76' lang='lat' dir='ltr'><strong>vomit</strong></span> <span class='ocrx_word' id='word_1_333' title='bbox 840 3481 972 3563; x_wconf 85' lang='lat' dir='ltr'><strong>pudoris</strong></span> <span class='ocrx_word' id='word_1_334' title='bbox 994 3482 1180 3551; x_wconf 84' lang='lat' dir='ltr'><strong>incredulas</strong></span> 
     </span>
     <span class='ocr_line' id='line_1_38' title="bbox 82 3563 1178 3647; baseline -0.002 -17"><span class='ocrx_word' id='word_1_335' title='bbox 82 3565 163 3630; x_wconf 89' lang='lat' dir='ltr'><strong>dicit</strong></span> <span class='ocrx_word' id='word_1_336' title='bbox 183 3567 342 3647; x_wconf 84' lang='lat' dir='ltr'><strong>loquellas</strong></span> <span class='ocrx_word' id='word_1_337' title='bbox 373 3577 404 3644; x_wconf 85' lang='lat' dir='ltr'><strong>et</strong></span> <span class='ocrx_word' id='word_1_338' title='bbox 433 3565 588 3647; x_wconf 88' lang='lat' dir='ltr'><strong>inprobus</strong></span> <span class='ocrx_word' id='word_1_339' title='bbox 616 3563 805 3645; x_wconf 84' lang='lat' dir='ltr'><strong>coinquinat</strong></span> <span class='ocrx_word' id='word_1_340' title='bbox 828 3573 861 3625; x_wconf 88' lang='lat' dir='ltr'><strong>et</strong></span> <span class='ocrx_word' id='word_1_341' title='bbox 886 3565 1098 3628; x_wconf 83' lang='lat' dir='ltr'><strong>conscientias</strong></span> <span class='ocrx_word' id='word_1_342' title='bbox 1122 3568 1178 3628; x_wconf 89' lang='lat' dir='ltr'><strong>bo·</strong></span> 
     </span>
     <span class='ocr_line' id='line_1_39' title="bbox 82 3646 1178 3732; baseline 0.002 -24"><span class='ocrx_word' id='word_1_343' title='bbox 82 3669 161 3708; x_wconf 89' lang='lat' dir='ltr'><strong>num</strong></span> <span class='ocrx_word' id='word_1_344' title='bbox 180 3647 294 3708; x_wconf 91' lang='lat' dir='ltr'><strong>merito</strong></span> <span class='ocrx_word' id='word_1_345' title='bbox 319 3647 524 3728; x_wconf 86' lang='lat' dir='ltr'><strong>conquisitus,</strong></span> <span class='ocrx_word' id='word_1_346' title='bbox 546 3646 691 3722; x_wconf 87' lang='lat' dir='ltr'><strong>mundas,</strong></span> <span class='ocrx_word' id='word_1_347' title='bbox 713 3654 835 3706; x_wconf 89' lang='lat' dir='ltr'><strong>sanctas</strong></span> <span class='ocrx_word' id='word_1_348' title='bbox 865 3656 897 3707; x_wconf 90' lang='lat' dir='ltr'><strong>et</strong></span> <span class='ocrx_word' id='word_1_349' title='bbox 918 3647 1079 3727; x_wconf 74' lang='lat' dir='ltr'><strong>antiquas,</strong></span> <span class='ocrx_word' id='word_1_350' title='bbox 1103 3650 1178 3732; x_wconf 92' lang='lat' dir='ltr'><strong>pnl-</strong></span> 
     </span>
     <span class='ocr_line' id='line_1_40' title="bbox 81 3727 1177 3811; baseline -0.001 -19"><span class='ocrx_word' id='word_1_351' title='bbox 81 3729 173 3792; x_wconf 88' lang='lat' dir='ltr'><strong>chras</strong></span> <span class='ocrx_word' id='word_1_352' title='bbox 200 3730 393 3794; x_wconf 83' lang='lat' dir='ltr'><strong>firmissimas</strong></span> <span class='ocrx_word' id='word_1_353' title='bbox 416 3739 447 3791; x_wconf 91' lang='lat' dir='ltr'><strong>et</strong></span> <span class='ocrx_word' id='word_1_354' title='bbox 467 3729 585 3811; x_wconf 81' lang='lat' dir='ltr'><strong>politas</strong></span> <span class='ocrx_word' id='word_1_355' title='bbox 605 3747 689 3788; x_wconf 86' lang='lat' dir='ltr'><strong>meas</strong></span> <span class='ocrx_word' id='word_1_356' title='bbox 710 3727 830 3810; x_wconf 82' lang='lat' dir='ltr'><strong>rumpit</strong></span> <span class='ocrx_word' id='word_1_357' title='bbox 850 3728 1045 3806; x_wconf 85' lang='lat' dir='ltr'><strong>amitaticos,</strong></span> <span class='ocrx_word' id='word_1_358' title='bbox 1078 3732 1177 3794; x_wconf 78' lang='lat' dir='ltr'><strong>verba</strong></span> 
     </span>
     <span class='ocr_line' id='line_1_41' title="bbox 83 3810 1177 3894; baseline 0 -20"><span class='ocrx_word' id='word_1_359' title='bbox 83 3811 161 3874; x_wconf 86' lang='lat' dir='ltr'><strong>dicit</strong></span> <span class='ocrx_word' id='word_1_360' title='bbox 185 3833 268 3894; x_wconf 87' lang='lat' dir='ltr'><strong>quae</strong></span> <span class='ocrx_word' id='word_1_361' title='bbox 297 3831 462 3894; x_wconf 88' lang='lat' dir='ltr'><strong>nunqu-am</strong></span> <span class='ocrx_word' id='word_1_362' title='bbox 489 3811 590 3886; x_wconf 82' lang='lat' dir='ltr'><strong>vidit,</strong></span> <span class='ocrx_word' id='word_1_363' title='bbox 621 3829 657 3870; x_wconf 84' lang='lat' dir='ltr'><strong>ea</strong></span> <span class='ocrx_word' id='word_1_364' title='bbox 688 3810 798 3871; x_wconf 86' lang='lat' dir='ltr'><strong>scribit</strong></span> <span class='ocrx_word' id='word_1_365' title='bbox 825 3830 906 3890; x_wconf 85' lang='lat' dir='ltr'><strong>quae</strong></span> <span class='ocrx_word' id='word_1_366' title='bbox 935 3811 1012 3870; x_wconf 83' lang='lat' dir='ltr'><strong>fecit</strong></span> <span class='ocrx_word' id='word_1_367' title='bbox 1041 3813 1177 3892; x_wconf 67' lang='lat' dir='ltr'><strong>animun,</strong></span> 
     </span>
     <span class='ocr_line' id='line_1_42' title="bbox 80 3887 1180 3975; baseline 0.002 -19"><span class='ocrx_word' id='word_1_368' title='bbox 80 3893 194 3956; x_wconf 81' lang='lat' dir='ltr'><strong>Parcet</strong></span> <span class='ocrx_word' id='word_1_369' title='bbox 221 3893 278 3975; x_wconf 88' lang='lat' dir='ltr'><strong>qni</strong></span> <span class='ocrx_word' id='word_1_370' title='bbox 303 3915 377 3954; x_wconf 90' lang='lat' dir='ltr'><strong>eum</strong></span> <span class='ocrx_word' id='word_1_371' title='bbox 399 3893 511 3954; x_wconf 88' lang='lat' dir='ltr'><strong>credit.</strong></span> <span class='ocrx_word' id='word_1_372' title='bbox 551 3895 593 3954; x_wconf 86' lang='lat' dir='ltr'><strong>Et</strong></span> <span class='ocrx_word' id='word_1_373' title='bbox 613 3892 638 3953; x_wconf 88' lang='lat' dir='ltr'><strong>si</strong></span> <span class='ocrx_word' id='word_1_374' title='bbox 658 3888 836 3972; x_wconf 88' lang='lat' dir='ltr'><strong>loquestem</strong></span> <span class='ocrx_word' id='word_1_375' title='bbox 856 3911 921 3950; x_wconf 89' lang='lat' dir='ltr'><strong>non</strong></span> <span class='ocrx_word' id='word_1_376' title='bbox 943 3893 1071 3974; x_wconf 82' lang='lat' dir='ltr'><strong>stringit</strong></span> <span class='ocrx_word' id='word_1_377' title='bbox 1090 3887 1180 3958; x_wconf 54' lang='lat' dir='ltr'><strong>suros</strong></span> 
     </span>
     <span class='ocr_line' id='line_1_43' title="bbox 80 3969 1178 4055; baseline 0.003 -19"><span class='ocrx_word' id='word_1_378' title='bbox 80 3995 149 4038; x_wconf 84' lang='lat' dir='ltr'><strong>rem</strong></span> <span class='ocrx_word' id='word_1_379' title='bbox 171 3976 254 4038; x_wconf 84' lang='lat' dir='ltr'><strong>latro</strong></span> <span class='ocrx_word' id='word_1_380' title='bbox 271 3969 496 4036; x_wconf 78' lang='lat' dir='ltr'><strong>fraudulentus</strong></span> <span class='ocrx_word' id='word_1_381' title='bbox 517 3973 727 4036; x_wconf 82' lang='lat' dir='ltr'><strong>homicidium</strong></span> <span class='ocrx_word' id='word_1_382' title='bbox 747 3981 795 4034; x_wconf 84' lang='lat' dir='ltr'><strong>est</strong></span> <span class='ocrx_word' id='word_1_383' title='bbox 818 3993 892 4034; x_wconf 86' lang='lat' dir='ltr'><strong>rens</strong></span> <span class='ocrx_word' id='word_1_384' title='bbox 913 3981 1019 4035; x_wconf 86' lang='lat' dir='ltr'><strong>certus</strong></span> <span class='ocrx_word' id='word_1_385' title='bbox 1041 3975 1178 4055; x_wconf 83' lang='lat' dir='ltr'><strong>adulter,-</strong></span> 
     </span>
     <span class='ocr_line' id='line_1_44' title="bbox 81 4053 1180 4140; baseline -0.004 -22"><span class='ocrx_word' id='word_1_386' title='bbox 81 4065 189 4140; x_wconf 87' lang='lat' dir='ltr'><strong>raptor</strong></span> <span class='ocrx_word' id='word_1_387' title='bbox 214 4065 262 4118; x_wconf 88' lang='lat' dir='ltr'><strong>est</strong></span> <span class='ocrx_word' id='word_1_388' title='bbox 279 4056 476 4119; x_wconf 86' lang='lat' dir='ltr'><strong>manifestus.</strong></span> <span class='ocrx_word' id='word_1_389' title='bbox 516 4056 708 4119; x_wconf 81' lang='lat' dir='ltr'><strong>Innumeros</strong></span> <span class='ocrx_word' id='word_1_390' title='bbox 730 4053 809 4114; x_wconf 84' lang='lat' dir='ltr'><strong>fecit</strong></span> <span class='ocrx_word' id='word_1_391' title='bbox 832 4067 990 4117; x_wconf 80' lang='lat' dir='ltr'><strong>excessus.</strong></span> <span class='ocrx_word' id='word_1_392' title='bbox 1030 4056 1180 4122; x_wconf 74' lang='lat' dir='ltr'><strong>Errando</strong></span> 
     </span>
     <span class='ocr_line' id='line_1_45' title="bbox 82 4135 1181 4223; baseline 0.005 -25"><span class='ocrx_word' id='word_1_393' title='bbox 82 4138 178 4204; x_wconf 81' lang='lat' dir='ltr'><strong>nadit</strong></span> <span class='ocrx_word' id='word_1_394' title='bbox 198 4138 289 4223; x_wconf 77' lang='lat' dir='ltr'><strong>qnasi</strong></span> <span class='ocrx_word' id='word_1_395' title='bbox 314 4159 441 4204; x_wconf 85' lang='lat' dir='ltr'><strong>coecus.</strong></span> <span class='ocrx_word' id='word_1_396' title='bbox 480 4139 622 4203; x_wconf 83' lang='lat' dir='ltr'><strong>Fuscare</strong></span> <span class='ocrx_word' id='word_1_397' title='bbox 643 4143 748 4200; x_wconf 84' lang='lat' dir='ltr'><strong>tentat</strong></span> <span class='ocrx_word' id='word_1_398' title='bbox 769 4155 881 4198; x_wconf 82' lang='lat' dir='ltr'><strong>meum·</strong></span> <span class='ocrx_word' id='word_1_399' title='bbox 903 4135 1011 4206; x_wconf 85' lang='lat' dir='ltr'><strong>decus.</strong></span> <span class='ocrx_word' id='word_1_400' title='bbox 1051 4139 1080 4202; x_wconf 76' lang='lat' dir='ltr'><strong>A</strong></span> <span class='ocrx_word' id='word_1_401' title='bbox 1106 4142 1181 4208; x_wconf 84' lang='lat' dir='ltr'><strong>Deo</strong></span> 
     </span>
    </p>
   </div>
   <div class='ocr_carea' id='block_1_5' title="bbox 841 4294 891 4377">
    <p class='ocr_par' dir='ltr' id='par_1_5' title="bbox 841 4294 891 4377">
     <span class='ocr_line' id='line_1_46' title="bbox 841 4294 891 4377; baseline 0 0"><span class='ocrx_word' id='word_1_402' title='bbox 841 4294 891 4377; x_wconf 75' lang='lat'><strong>30</strong></span> 
     </span>
    </p>
   </div>
   <div class='ocr_carea' id='block_1_6' title="bbox 0 0 1374 4990">
    <p class='ocr_par' dir='ltr' id='par_1_6' title="bbox 0 0 1374 4990">
     <span class='ocr_line' id='line_1_47' title="bbox 0 0 1374 4990; baseline 0 0"><span class='ocrx_word' id='word_1_403' title='bbox 0 0 1374 4990; x_wconf 95' lang='lat' dir='ltr'><strong> </strong></span> 
     </span>
    </p>
   </div>
  </div>
 </body>
</html>
