2734 4990
172 265 248 346 418
626 279 816 334 anauniae

173 431 227 496 vel
253 423 438 500 dominatio,
458 440 528 484 rem
552 419 755 503 exquisitam,
785 427 883 482 totu'm
901 427 934 482 et
956 418 996 482 ad
1011 420 1183 504 integrum,
1208 429 1278 483 tam

172 516 214 579 de
235 510 328 572 alode
349 527 446 590 qnam
465 512 498 568 et
518 502 558 565 de
587 512 767 586 comparato
790 523 848 564 seu
875 502 915 564 de
936 503 1083 584 quolibet
1109 505 1277 582 adtractu,

171 591 330 680 quicquid
352 589 393 650 ad
412 607 470 650 nos
491 584 612 647 ibidem
640 585 786 646 noscitur
810 584 1015 666 pervenisse,
1038 585 1078 649 de
1099 595 1210 648 nostro
1226 586 1278 646 iu·

172 699 209 742 re
232 678 265 738 in
285 675 335 736 ins
356 681 388 735 et
414 667 665 730 dominationem
690 667 752 727 iam
782 667 860 728 dieti
890 667 1077 730 Monasterii
1104 689 1164 751 per
1189 666 1278 728 banc

173 757 352 824 chartulam
375 750 557 815 donationis
578 748 645 812 sive
667 769 726 832 per
744 749 899 816 festucam
920 758 1015 832 atque
1039 772 1099 832 per
1118 750 1279 812 andelan-

174 863 251 925 gum
277 840 295 898 d
321 837 373 900 die
400 839 566 918 praesente
588 833 753 911 donamus,
775 832 939 910 tradimus,
959 840 1055 916 atque
1077 833 1278 916 perpetuali-

172 935 224 985 ter
242 923 275 982 in
303 918 449 980 omnibus
474 915 730 976 transfirmamus.
771 914 812 976 ln
839 935 876 975 ea
896 935 972 978 vero
998 915 1123 977 ratione
1145 923 1180 976 ut
1201 936 1279 998 pars

171 1002 330 1091 praedicti
356 996 542 1062 Mouasterii
568 997 607 1057 ab
631 995 692 1058 hac
712 996 764 1058 die
785 996 848 1058 hoc
869 995 1002 1076 habeut,
1022 1006 1154 1074 teneat,
1177 1006 1278 1078 atque

171 1087 344 1172 possideat,
363 1081 417 1144 vel
440 1077 598 1160 quicquid
632 1077 749 1140 exinde
773 1079 879 1141 facere
902 1079 1062 1158 voluerit,
1084 1079 1219 1141 liberam
1238 1101 1278 1140 ae

172 1168 414 1240 firmissimam,
444 1161 573 1223 Christo
602 1160 764 1244 propitio,
795 1161 828 1222 in
851 1162 999 1222 omuibus
1027 1161 1143 1222 habeat
1168 1170 1279 1245 potes-

173 1260 282 1315 tatem.
322 1249 365 1309 Et
391 1245 419 1306 si
447 1244 521 1325 quis
542 1243 714 1324 deinceps,
736 1245 825 1338 quod
852 1246 997 1304 futurum
1019 1264 1086 1304 esse
1114 1264 1179 1304 non
1202 1265 1278 1306 ore-

174 1336 292 1410 dimus,
312 1329 341 1391 si
362 1325 558 1409 nosmetipsi,
579 1325 667 1407 qnod
688 1323 780 1402 absit,
801 1336 857 1387 ant
880 1326 967 1386 nllus
982 1325 1139 1407 quislibet
1158 1326 1199 1388 de
1215 1325 1279 1386 be·

172 1415 305 1479 sedibus
329 1408 465 1486 nostris,
495 1428 554 1471 sen
577 1408 646 1490 ulla
670 1407 836 1490 quaelibet
856 1417 1007 1470 extranea
1030 1429 1168 1490 persona
1195 1429 1278 1468 cou-

173 1509 223 1560 tra
249 1496 335 1557 bano
353 1491 560 1553 donationem
582 1488 693 1550 venire
714 1498 770 1550 aut
796 1513 865 1552 eam
883 1488 1071 1551 calumniari
1094 1511 1280 1572 praesump-

173 1578 261 1657 serit,
282 1577 309 1638 si
338 1596 372 1636 se
393 1571 512 1636 exinde
536 1591 603 1632 uon
625 1572 812 1648 correxerit,
833 1573 851 1632 d
870 1573 1037 1634 liminibus
1058 1581 1185 1633 sauctae
1208 1572 1280 1634 Ec·
1360 1605 1361 1644 3

173 1661 290 1725 etesiae
319 1653 613 1719 excommunicatus
640 1663 673 1715 et
696 1663 911 1736 sequestratus
939 1663 1104 1737 appareat,
1132 1663 1166 1714 et
1192 1654 1281 1716 insu·
1360 1671 1361 1676 ¹

173 1765 235 1830 per
264 1748 338 1802 ante
366 1737 508 1799 tribuual
540 1734 659 1796 Christi
685 1735 746 1798 hac
780 1738 820 1798 de
850 1758 943 1798 causa
971 1758 1003 1798 se
1031 1737 1204 1797 iudicatum
1237 1735 1280 1795 iri

174 1817 365 1909 cognoscat
397 1819 460 1881 Cui
484 1838 561 1881 vero
585 1818 779 1878 calumniam
799 1819 957 1895 intulerit,
977 1819 1048 1878 auri
1073 1818 1280 1880 unciastaut.

175 1906 299 1992 argenti
318 1904 416 1965 libras
432 1909 512 1961 tant.
544 1909 672 1962 coactns
686 1902 838 1979 exsolvat,
860 1910 895 1962 et
923 1901 1011 1983 quod
1035 1901 1153 1982 repetit
1184 1899 1280 1961 nullo

174 1990 271 2053 modo
292 1983 476 2050 evindicare
488 1983 688 2065 praevaleat3
711 1985 767 2045 scd
787 2004 938 2067 praeseus
957 1983 1087 2043 donatio
1104 1981 1184 2044 baec
1202 2004 1281 2042 uos-

101 2129 103 2134 .
173 2073 234 2134 tris
260 2080 293 2132 et
318 2067 411 2129 nobis
434 2064 622 2147 rogantibus
641 2065 800 2127 bonorum
819 2065 987 2126 hominnm
1009 2063 1153 2124 manibus
1181 2064 1280 2124 robo-

174 2163 254 2231 rata,
275 2170 414 2234 quornm
431 2146 563 2208 nomina
586 2147 639 2211 vel
662 2148 827 2229 signacula
843 2148 953 2208 subter
963 2146 1279 2228 tenenturlinsertffi

175 2236 216 2300 sti
240 2232 382 2296 ulatione
394 2238 504 2292 nostra
531 2229 652 2312 posita,
681 2231 834 2294 diuturno
859 2240 1003 2315 tempore
1023 2237 1148 2290 maneat
1168 2227 1281 2294 incon-

176 2257 280 2383 vulsa.
320 2314 445 2379 Actum.
481 2313 524 2374 Et
545 2312 682 2394 reliqna,

512 2437 664 2502 Precatio
684 2437 729 2499 nd
747 2458 849 2500 casam
870 2439 943 2500 Dei.

261 2555 353 2623 xlx.
393 2553 535 2617 Domino
558 2553 736 2616 venerabili
758 2563 790 2615 et
810 2555 844 2614 in
871 2555 997 2618 Christo
1017 2554 1100 2638 patri
1124 2555 1172 2618 ill.
1192 2555 1284 2638 Epis-

181 2661 263 2724 copo
288 2640 327 2700 de
349 2637 544 2701 Monasterio
568 2635 649 2715 illo,
680 2638 766 2718 qnod
791 2647 839 2702 est
859 2647 1079 2700 constructum
1105 2640 1189 2699 iufra
1209 2661 1284 2698 mn-

181 2745 235 2788 ros
254 2721 344 2782 illius
370 2718 510 2804 civitatis
529 2717 620 2796 iuxta
639 2719 777 2780 fluvium
798 2719 845 2780 ill.
867 2729 927 2781 etc.
968 2721 1071 2802 lgitur
1088 2743 1147 2803 ego
1169 2721 1203 2780 in
1220 2719 1283 2782 Dei
1359 2749 1360 2768 ι

182 2805 314 2872 nomine
344 2803 413 2867 illc.
471 2802 557 2862 Dum
585 2821 652 2860 non
677 2810 725 2862 est
754 2801 954 2883 incognitum
981 2803 1122 2884 qualiter
1154 2824 1284 2864 omnem

181 2908 252 2952 rem
272 2884 430 2966 portionis
449 2904 537 2944 meae
561 2882 595 2942 iu
625 2904 706 2965 pago
727 2884 774 2950 ill.
795 2885 830 2944 in
853 2886 924 2946 loeo
948 2894 1131 2966 nuncupato
1158 2885 1206 2946 ill.
1226 2907 1283 2947 su-

183 2991 242 3056 per
268 2967 369 3029 fluvio
395 2965 441 3032 ill.
471 2974 503 3027 et
528 2964 562 3024 in
587 2964 646 3025 illo
671 2965 744 3027 looo
770 2967 828 3048 qni
850 2966 970 3029 dicitur
993 2967 1040 3028 ill.
1067 2968 1102 3028 id
1123 2977 1171 3029 est
1189 2989 1283 3028 man-

183 3073 234 3116 sos
260 3058 376 3127 tantos,
399 3069 472 3109 oum
497 3047 653 3125 domibus,
674 3048 840 3126 aedificiis,
862 3050 1035 3128 curtiferis,
1057 3071 1131 3110 cum
1154 3050 1283 3127 wadris,

184 3133 283 3211 silvis,
308 3131 403 3194 terris
423 3129 606 3208 arabilibus,
628 3131 756 3214 campis,
777 3131 885 3214 pratis,
907 3133 1050 3216 pascuis,
1073 3154 1146 3193 cum
1173 3133 1283 3208 inviis,

183 3215 323 3301 perviis,
344 3223 377 3275 et
398 3213 564 3296 mancipiis
585 3213 706 3274 ibidem
736 3214 1009 3276 commanentibus
1028 3215 1081 3276 vel
1100 3214 1284 3297 adspicien-

185 3299 291 3375 tibus,
321 3303 572 3378 quantacunquc
596 3295 631 3355 iu
659 3295 736 3379 ipsis
761 3295 842 3358 locis
868 3318 937 3358 mea
963 3297 1027 3358 fuit
1052 3297 1206 3378 possessio
1229 3296 1284 3358 vel

185 3379 381 3456 dominatio,
407 3377 500 3440 vobis
533 3377 575 3438 ad
604 3377 709 3460 ipsum
738 3380 968 3440 Mouasterium
999 3379 1145 3462 superins
1177 3377 1282 3438 uomi-

186 3471 299 3524 natum
328 3462 368 3522 ad
397 3480 476 3541 opus
498 3459 607 3520 Sancti
638 3461 689 3522 ill,
706 3461 825 3522 tradidi
851 3472 946 3543 atque
967 3460 1185 3524 transfirmavi.
1219 3457 1283 3521 Sed

184 3544 296 3627 postea
318 3564 389 3603 mea
413 3542 487 3603 fuit·
503 3542 636 3623 petitio,
658 3553 691 3605 et
710 3554 816 3607 vestra
834 3564 899 3605 uon
927 3544 1097 3627 denegavit
1122 3543 1283 3619 voluntas,

186 3635 223 3686 ut
246 3627 345 3709 ipsam
366 3645 447 3700 rem,
469 3624 545 3685 dum
571 3625 737 3705 advixero,
755 3647 815 3710 per
835 3635 976 3688 vestrum
997 3625 1190 3689 beneficium
1210 3646 1286 3686 usn·
1358 3661 1359 3674 ι

185 3708 362 3768 fructuario
385 3704 465 3766 mihi
486 3707 720 3788 praestitissetis
746 3709 785 3770 ad
809 3708 936 3771 babere.
978 3709 1076 3788 Quod
1103 3709 1147 3768 ita
1175 3715 1207 3777 et
1233 3709 1285 3767 fe·
1358 3701 1359 3714 *

186 3790 283 3852 cistis.
325 3788 430 3850 Simili
460 3791 555 3850 etiam
585 3791 680 3852 modo
707 3790 848 3874 expetivi
875 3793 892 3851 d
927 3793 1018 3854 vobis
1046 3790 1186 3874 aliquam
1216 3809 1286 3850 rem

170 3881 324 3935 *vestram
342 3873 487 3954 inpage
510 3872 589 3952 illo,
619 3872 653 3934 in
680 3874 753 3935 loco
766 3889 772 3900 ¹
784 3884 967 3957 nuncupato
990 3876 1038 3939 ill.
1065 3893 1163 3956 super
1184 3869 1285 3934 fluvio

185 3955 244 4016 illo
265 3955 359 4017 illam·
371 3955 528 4017 videlicet
547 3977 616 4018 rem
635 3973 733 4042 quam
754 3958 915 4039 quondam
937 3959 993 4018 ille
1019 3956 1116 4016 homo
1134 3975 1193 4038 per
1212 3975 1285 4014 ves-

183 4047 270 4099 trum
296 4035 491 4100 heneficium
514 4047 627 4100 tenere
657 4039 741 4102 visus
768 4049 825 4117 est,
857 4049 893 4100 ut
916 4061 985 4101 eam
1017 4037 1097 4098 mihi
1124 4038 1158 4096 i'n
1191 4057 1286 4096 usum

184 4121 363 4182 concedere
384 4119 609 4202 dignaremini.
650 4121 694 4183 Et
713 4143 772 4204 pro
796 4122 865 4205 ipso
884 4145 944 4184 usu
967 4121 1089 4183 censivi
1116 4116 1206 4180 vohis
1226 4139 1285 4178 au-

184 4202 234 4265 nis
258 4202 393 4286 singulis
417 4203 565 4267 denarios
586 4226 644 4268 seu
666 4203 785 4268 solidos
805 4213 931 4284 tantos,
960 4213 995 4265 ut
1019 4204 1102 4288 ipsos
1129 4201 1169 4263 ad
1193 4201 1285 4263 lesti-
