2734 4990
518 298 740 354 esuriunt!

74 466 131 524 27.
158 441 305 504 Donatio
324 445 343 504 t
361 441 411 503 die
426 452 601 524 praesente.

75 530 132 589 28.
163 521 221 584 Aa
246 536 456 587 testamentum
472 519 601 602 sacien-

171 605 259 669 dum.

80 711 137 773 29.
165 693 247 749 Item
275 687 604 768 aliudtitestamentum

86 793 89 798 ·
171 766 217 828 ad
231 771 331 831 locum
351 782 502 830 sanctum.
538 839 541 846 Ι

84 854 140 914 50.
170 851 373 937 Confirmatio
422 850 604 912 traditionis

172 934 215 992 ad
230 936 467 997 Monasterium.

86 1021 139 1080 51.
169 1019 311 1100 Qualiter
338 1030 485 1101 parentes
508 1015 604 1099 filios

168 1121 241 1163 suos
260 1099 603 1182 offerantqinilllonas-

168 1185 266 1246 teriis.
329 1193 331 1195 ’

84 1268 138 1328 52.
163 1265 337 1325 Promissio
362 1262 543 1323 stabilitatis
569 1265 603 1321 in

83 1419 85 1422 Ι
171 1346 379 1406 Monasterio.

73 1432 135 1491 53.
166 1430 283 1490 Petitio
300 1449 393 1510 quam
412 1439 483 1485 ante
499 1437 606 1486 votum

170 1511 323 1571 Monachi
340 1509 487 1593 quislibet
497 1507 606 1588 facere

173 1593 275 1657 debet.

1119 283 1192 358 459

672 437 721 504 36.
751 437 915 504 Indiculus
940 461 1002 526 pro
1032 443 1190 506 Monaelw

776 523 809 580 ui
807 520 931 602 fugerit
938 523 978 582 de
983 525 1190 587 lllonasterio.

672 603 724 686 57.
751 542 815 686 bui
833 606 1060 666 Monasterium
1073 610 1106 666 in
1115 628 1190 690 pro-

751 689 826 770 prio
850 685 1023 771 aedificat,
1054 690 1191 770 qualiter

757 770 897 829 cbartam
904 769 1020 849 faciat.

674 852 725 914 58.
753 852 1190 994 qualiterprivilegiumcon-

781 947 861 997 atur.

674 1018 724 1098 59.
751 1015 898 1098 Epistola
907 1014 1132 1096 qnaesormata
1143 1017 1191 1077 cli-

720 1153 724 1164 ,
756 1099 838 1157 citur
852 1100 914 1157 sive
926 1099 1190 1166 commendatitia.

664 1182 723 1255 lio.
752 1184 834 1240 Item
850 1181 922 1239 alia.

674 1265 725 1338 41.
750 1265 830 1321 Item
847 1262 948 1321 adbuc
963 1263 1037 1322 alia.

674 1345 726 1419 [μ.
754 1344 835 1404 Item
851 1343 953 1404 adbuc
973 1345 1045 1408 alia.

674 1428 726 1504 43.
753 1425 930 1508 Exemplar
948 1427 1109 1492 libertatis.

675 1511 727 1586 44.
759 1506 1191 1580 TraditioadMonasteriam

675 1592 727 1668 45.
755 1595 836 1650 Item
852 1591 926 1654 alia.

86 1678 142 1751 54.
169 1676 191 1734 Ι
211 1697 247 1733 sa
270 1675 450 1756 promissio.
674 1675 725 1750 46.
754 1671 949 1732 Praestaria.

92 1757 146 1820 55.
182 1753 352 1840 'xcmplar
391 1755 609 1836 promissionis
677 1757 728 1834 47,
760 1752 941 1816 Vindicatio
960 1754 1151 1818 traditionis.

179 1836 611 1917 sicuts'olebantantiquiMo-
677 1838 728 1912 46.
757 1835 872 1896 Charta
881 1839 1139 1902 commutationis.

126 1969 138 1988 „
176 1919 610 2004 nachiregulamprornittere.
679 1922 729 2002 49,
758 1916 945 1983 Constitutio
963 1920 1057 1982 dotis.

176 2093 294 2156 Petitio
311 2047 466 2174 Episcopi
478 2055 640 2174 peregrini
663 2091 707 2153 ad
725 2093 916 2178 Episcopum
932 2098 1107 2178 proprium.

87 2267 92 2272 =
175 2227 213 2288 ln
237 2222 356 2286 Christi
378 2223 519 2284 nomine.
559 2222 622 2284 Ille
647 2223 824 2307 Episcopus
845 2224 903 2284 iilo
932 2224 1091 2308 Episcopo
1112 2225 1192 2286 ami-

86 2337 128 2376 co
150 2318 260 2370 nostro
283 2309 430 2367 devotam
459 2305 730 2388 dirigosalutem.
771 2306 895 2368 Gratias
913 2307 1002 2370 vohis
1021 2308 1192 2369 referimus

86 2398 129 2457 ‹le
151 2394 284 2468 caritate
306 2399 421 2462 vestra,
445 2410 540 2468 quam
563 2411 636 2470 erga
657 2389 786 2452 fidelem
813 2399 958 2452 nostrum
989 2390 1110 2472 dignati
1140 2411 1191 2452 es-

85 2480 129 2538 tis
151 2477 257 2548 facere
282 2481 313 2532 et
326 2471 415 2530 circa¹
429 2471 717 2552 Congregatiouem
738 2481 880 2533 nostram
901 2492 983 2554 qnae
1004 2484 1052 2534 cst
1074 2473 1107 2532 in
1133 2494 1191 2553 op-

84 2559 164 2642 pido
186 2558 244 2618 sita
271 2553 360 2635 quod
390 2551 510 2612 dicitur
538 2554 640 2614 illum.
691 2554 811 2616 Fecisti
843 2555 930 2615 enim
958 2564 994 2615 ut
1018 2553 1192 2637 Apostolus

87 2637 320 2700 nommendans
342 2635 402 2694 ait:
431 2635 586 2700 Praedica
605 2637 748 2709 verbum,
778 2639 839 2696 ista
862 2651 1035 2720 opportune
1056 2650 1085 2698 et
1106 2638 1193 2718 iuop-

85 2718 220 2806 por'tuua
249 2719 434 2783 nolentibus.
489 2717 553 2794 Qui
580 2719 667 2779 enim
691 2719 837 2798 sequitur
862 2719 1089 2802 Apostolorum
1125 2739 1193 2779 ves·

89 2804 178 2884 sigis,
208 2803 280 2861 luce
304 2799 455 2880 gaudebit
475 2810 637 2880 perpetua.
677 2803 766 2882 Rogo
787 2824 841 2864 vos
865 2801 1031 2862 humiliter
1052 2801 1191 2883 dirigere

91 2885 185 2943 nohis
203 2904 261 2963 per
279 2881 454 2962 Epistulam
473 2890 608 2943 vestram
627 2883 705 2964 quid
728 2883 808 2942 mihi
829 2884 867 2944 de
891 2893 998 2944 nostro
1025 2885 1120 2942 liceat
1142 2903 1192 2942 ce-

87 2966 217 3026 lebrare
239 2963 377 3023 officium
399 2963 431 3020 in
454 2963 604 3044 parochia
627 2975 730 3026 vestra
750 2975 783 3026 et
802 2965 958 3024 Ecclesiis
979 2964 1092 3024 vestris
1109 2985 1190 3044 quae

87 3050 123 3106 in
139 3057 253 3110 ,nostro
267 3053 340 3105 sunt
351 3045 518 3121 beneficio,
534 3046 560 3106 si
578 3049 762 3128 praedicare
785 3045 891 3122 liceat,
908 3047 933 3105 si
957 3047 1140 3120 emendare,
1162 3046 1189 3104 si

88 3131 265 3210 corrigere,
288 3128 314 3186 si
342 3127 462 3208 erigere
482 3128 648 3205 Ecclesiis‚
671 3131 696 3190 si
719 3129 920 3204 confirmare,
943 3138 998 3186 aut
1017 3127 1190 3208 baptizare,

85 3209 393 3292 aut'poenitentiam
415 3211 500 3286 dare,
522 3220 577 3269 aut
598 3211 787 3291 quidnobis
812 3210 1013 3285 concedatis,
1036 3220 1090 3268 aut
1111 3209 1191 3290 quid

83 3293 303 3376 prohibeatis,
338 3291 419 3352 scire
447 3315 503 3370 nos
533 3292 657 3358 faciatis
686 3293 779 3353 citius
810 3293 958 3374 petimus.
1009 3291 1191 3352 Amicitiam

80 3399 163 3436 vero
197 3384 333 3435 vestram
362 3375 454 3434 valde
482 3375 603 3436 firmam
630 3385 773 3456 optamus
802 3376 887 3436 inter
913 3397 971 3435 nos
1006 3375 1189 3435 consistere.

77 3459 125 3519 Et
150 3459 282 3517 obsecro
309 3466 345 3516 ut
361 3456 441 3514 mihi
465 3455 687 3517 commendare
709 3458 888 3539 dignemini
906 3459 995 3540 quasi
1016 3458 1118 3518 amico
1134 3467 1190 3517 tuo

77 3540 253 3620 quodlibet
278 3538 459 3614 servitium,
482 3549 513 3598 et
530 3547 675 3622 paratum
696 3561 746 3598 me
770 3541 893 3601 habetis
916 3541 950 3599 in
974 3541 1120 3610 omnibus
1135 3539 1191 3600 ho-

80 3621 186 3686 nestis
207 3632 237 3681 et
258 3621 350 3681 iustis
375 3621 532 3682 mandatis
553 3622 674 3684 vestris.
717 3622 919 3692 Beneralete‚

168 3735 442 3810 commendatoria
470 3760 500 3806 et
518 3747 736 3809 exlsortatoria
761 3749 805 3810 ad
824 3751 1108 3816 Sanetimonialem.

167 3877 208 3939 ll.
251 3879 287 3944 ln
310 3877 440 3942 nomine
463 3887 589 3938 sanctae
611 3879 788 3942 Trinitatis.
837 3880 1050 3942 Venerandue
1076 3884 1188 3950 estl-

79 3961 209 4022 miiicae
233 3960 454 4041 gloriosaeque
480 3959 573 4036 illae,
606 3981 663 4043 ego
693 3963 749 4023 ille
783 3963 919 4024 inferior
941 3963 1064 4030 cunctis
1086 3967 1187 4026 servis

80 4043 199 4104 vestris
216 4043 344 4126 postulo
359 4063 480 4101 summo
502 4043 603 4102 liDeo
627 4053 787 4105 aeternam
800 4044 909 4121 venire
932 4045 1074 4105 salutem
1105 4047 1187 4115 Hinc

78 4147 162 4206 rogo
187 4133 299 4188 roset
326 4145 493 4186 ammoneo
518 4134 553 4183 ut
574 4127 642 4186 laus
671 4127 856 4206 popularis,
889 4148 970 4207 quae
991 4150 1049 4210 per
1073 4131 1185 4212 vulga-

78 4231 135 4278 res
157 4208 319 4294 spargitur,
344 4227 448 4286 aures,
469 4215 604 4270 vestram
633 4208 777 4290 adtingat
803 4219 960 4290 mentem,
984 4221 1015 4274 et
1038 4233 1185 4278 crescen-
