2676 4976
511 309 711 364 ausartcau
1099 287 1169 360 537

86 452 114 510 in
134 449 200 510 boc'
216 447 392 524 consulite,
413 455 449 508 ut
470 447 509 509 ad
533 447 689 508 invidiam
711 455 850 509 nostram
875 447 937 508 hoc
959 447 1080 508 nemini
1100 467 1183 530 pro-¹

83 532 195 615 palatis.
234 530 400 610 Quicquid
419 530 457 588 ab
476 529 688 591 anterioribus
704 531 818 592 nostris
835 529 1032 610 accepimus,
1052 531 1172 610 absque

85 617 148 674 ulla
164 613 404 688 retractatione,
427 622 459 672 et
477 613 673 672 discussione
694 614 874 694 suscipere,
898 620 930 670 et
951 611 1058 671 subire
1079 613 1172 672 debe·

86 717 166 764 mus;
187 694 257 774 quia
277 704 312 752 ut
331 693 498 754 Cassianus
519 695 579 768 ait,
601 697 655 775 (μα’
670 717 689 752 a
706 693 897 754 discussione
912 693 1021 776 incipit
1036 693 1170 770 discere,

89 799 229 860 tritaquam
249 776 293 836 ud
306 775 479 860 perfectum
493 777 660 856 perveniet.
702 776 766 836 Sed
786 775 861 856 quia
883 776 926 836 ite
942 797 976 835 se
992 775 1170 835 humanum

88 859 372 938 babet-ingenium,
395 868 431 915 ut
448 858 536 916 iuxta
554 857 724 939 pessimum
746 867 777 916 ct
795 857 974 918 execrabile
995 858 1171 940 primorum

90 941 303 1022 terrigenarum
326 941 526 1018 exemplam,
555 940 661 998 omnia
687 938 824 1021 eupiunt
850 941 1068 1022 experimento
1094 961 1170 1022 pro-

90 1025 172 1097 bare,
200 1043 260 1080 uon
290 1020 470 1082 obediendo
493 1042 637 1098 serrare,
666 1032 822 1102 quantum
850 1021 982 1082 scientia
1010 1021 1170 1104 suppetit,

90 1104 213 1166 conabor
235 1104 325 1163 vobis
345 1103 485 1182 aperire,
516 1123 611 1183 quam
630 1104 808 1164 necessario
833 1112 865 1165 et
886 1104 1022 1166 Clericis
1039 1115 1171 1170 tonsura

89 1196 117 1246 et
128 1185 282 1246 Monacbis
293 1185 486 1256 sintiadicta
502 1184 639 1244 cuculla.
680 1187 722 1245 Et
734 1186 865 1266 quidem
887 1186 926 1246 de
946 1195 1073 1246 tonsura
1087 1208 1169 1268 quae

88 1270 169 1327 Clero
195 1276 227 1326 et
256 1266 428 1328 Coenohiis
453 1277 486 1328 et
510 1266 635 1328 cunctis
661 1267 767 1328 altaris
792 1267 964 1342 Ministris,
991 1269 1169 1331 cismarinis

85 1353 244 1426 duntaxat,
273 1359 321 1410 est
342 1349 538 1425 communis,¹
568 1348 630 1408 hoc
652 1349 743 1410 nohis
770 1350 917 1411 sul'bcere
938 1350 1051 1430 debet,
1081 1353 1170 1432 quod

82 1434 179 1493 Patres
197 1431 299 1490 nostri
317 1433 448 1492 Petrum
477 1431 665 1512 Apostolum
690 1431 730 1490 oh
753 1433 1005 1492 recordationem
1034 1444 1066 1494 et
1095 1435 1167 1494 imi·

82 1513 224 1572 tationem
248 1513 376 1594 spineae
398 1533 553 1589 coronae,
574 1535 655 1594 quae
679 1513 818 1573 Domino
841 1513 879 1573 ab
894 1514 1104 1577 illudentibus
1123 1527 1171 1578 cst

81 1596 218 1675 imposita
229 1617 418 1670 ,summum
434 1595 494 1655 sihi
512 1594 624 1675 capitis
645 1595 826 1674 denudare,
849 1606 880 1656 et
901 1596 984 1656 infra
1005 1599 1044 1658 ad
1055 1599 1169 1660 simili-

80 1677 217 1737 tudinem
236 1698 372 1736 coronae
395 1676 527 1758 capillos
545 1675 807 1758 sibi‘relinquere
824 1678 1040 1757 tradiderunt,
1063 1691 1094 1741 et
1111 1702 1169 1741 ex·

82 1760 150 1818 inde
175 1769 325 1836 cunctos,
344 1760 399 1838 qui
423 1759 463 1819 ad
489 1759 708 1819 Sacerdotium
732 1759 914 1843 pertingere
935 1772 1108 1842 cuperent,
1130 1785 1169 1824 eo

80 1842 169 1900 modo
185 1862 248 1900 non
268 1843 370 1900 solum
389 1841 483 1902 rebus
501 1841 585 1917 suis,
606 1841 662 1902 sed
682 1841 776 1901 etiam
792 1841 943 1925 sibiipsis
961 1865 994 1904 sc
1011 1845 1168 1926 abnegare

81 1923 200 1988 dehere.
238 1924 284 1982 Et
303 1924 433 2003 quidem
454 1923 515 1983 hoc
540 1924 632 1983 nobis
652 1944 801 2005 magnum
826 1933 888 2001 est,
916 1947 990 1986 cum
1011 1927 1045 1986 in
1066 1928 1168 1988 veteri

79 2005 254 2064 testimonio
281 2014 314 2064 et
333 2006 405 2086 lege
427 2015 554 2087 praeter
575 2026 732 2065 summum
753 2007 943 2067 Pontificem
959 2017 991 2070 et
1016 2008 1084 2068 eins
1102 2017 1170 2068 tau-

79 2096 141 2146 tum
156 2086 253 2160 lilios,
276 2107 386 2147 omncs
407 2088 537 2148 Levitae
559 2108 625 2146 nou
644 2087 746 2147 solum
764 2088 914 2170 capillos,
937 2091 1041 2150 sedet
1058 2111 1169 2155 omnes

80 2170 155 2250 pilos
172 2169 312 2250 corporis
326 2171 391 2230 sint
409 2170 521 2230 radere
540 2170 718 2252 praecepti,
746 2171 848 2230 donec
865 2171 1017 2233 Ezechiel
1035 2174 1169 2255 prophe-

80 2261 108 2310 ta
135 2272 335 2331 summusque
361 2252 514 2312 Sacerdos
542 2253 576 2310 iu
606 2262 789 2332 portentum
812 2253 924 2333 populi
953 2256 1168 2335 concidendi,
1193 2297 1194 2304 κ

81 2334 256 2410 cremandi,
279 2341 311 2392 et
334 2332 555 2416 dispergendi,
578 2335 710 2415 capillos
735 2343 766 2394 et
786 2334 915 2395 barbam
931 2336 1059 2414 radere,
1079 2348 1111 2398 et
1126 2361 1179 2418 ex,

81 2416 121 2475 eis
146 2424 266 2496 partem
294 2435 456 2492 cremare,
486 2425 672 2498 partemque
707 2416 893 2494 concidere,
924 2427 957 2479 et
982 2429 1104 2501 partem
1133 2421 1166 2482 in

81 2517 199 2564 ornnem
216 2508 346 2558 ventum
362 2497 543 2579 dispergere
557 2497 659 2559 iussus
677 2507 740 2559 est:
762 2498 819 2579 qui
838 2501 932 2560 etiam
951 2498 1013 2563 hoo
1027 2502 1060 2560 in
1075 2525 1166 2563 man-

81 2579 148 2638 dato
163 2579 300 2659 accepit,
321 2590 357 2638 ut
372 2581 557 2639 Sacerdotes
579 2581 681 2660 capita
702 2602 766 2640 non
784 2583 952 2653 raderent,
974 2585 1031 2645 sed
1050 2586 1167 2647 tonde-

80 2669 161 2735 rent,
182 2662 256 2742 quia
278 2662 312 2720 in
334 2663 434 2721 altero
458 2661 581 2742 aliquid
602 2662 733 2724 miserae
751 2663 988 2743 delectationis,
1011 2667 1044 2725 in
1065 2668 1167 2728 altero

81 2741 156 2801 nihil
169 2753 231 2819 est,
254 2743 315 2803 nisi
333 2743 509 2825 profundae
527 2743 732 2816 humilitatis3
755 2746 842 2826 quod
853 2759 982 2830 apparet
1000 2749 1033 2807 in
1047 2749 1097 2809 his
1110 2753 1166 2832 qui

81 2825 244 2884 tondentur
260 2825 300 2885 ad
318 2825 440 2906 palum:
463 2826 606 2905 quamvis
626 2827 826 2888 Beatissimus
839 2831 925 2909 Papa
941 2831 1114 2911 Gregorius
1131 2833 1165 2892 in

80 2906 292 2984 explanatione
313 2908 453 2967 eiusdem
467 2909 642 2968 sententiae
661 2930 725 2969 non
741 2910 783 2968 ita
798 2909 945 2970 rideatur
957 2912 1166 2987 intellexisse,
1187 2955 1190 2960 ι

79 2989 129 3046 sed
156 2988 197 3047 ita
226 2990 424 3050 solummodo
460 2990 607 3066 tonderi,
641 2999 676 3049 nt
711 3011 775 3050 non
806 2990 1040 3071 impedirentur
1068 2995 1166 3055 oculi.

80 3067 166 3145 Quod
181 3071 206 3130 si
219 3071 265 3131 ita
289 3081 353 3146 est,
377 3071 455 3150 quid
473 3071 528 3131 fiet
545 3072 747 3132 demandato
765 3071 860 3152 legis,
881 3093 963 3152 quae
982 3074 1079 3133 dicit:
1101 3097 1165 3136 non

81 3151 237 3211 attendetis
263 3175 315 3214 vos
343 3155 376 3212 in
394 3153 588 3222 rotundum
616 3164 648 3213 et
673 3174 765 3212 causa
791 3153 934 3224 additum
965 3157 1039 3234 quia
1065 3161 1167 3218 sancti

80 3235 147 3292 estis
171 3235 314 3298 Domino.
355 3235 452 3312 Quod
480 3257 575 3314 quem
606 3236 834 3310 intellectum,
866 3235 956 3296 iuxta
981 3236 1163 3317 historiam,

80 3310 199 3392 habeat,
220 3338 285 3377 non
305 3316 419 3376 litteris
437 3318 723 3378 commendandum
734 3364 744 3395 ,
765 3339 807 3378 ne
827 3327 937 3378 contra
956 3323 1166 3382 consuetudi-

80 3415 145 3455 nem
163 3408 334 3458 nostratum
351 3399 474 3478 aliquid
495 3399 611 3460 sentire
632 3399 805 3460 videamur.
855 3400 919 3460 Sed
944 3402 1025 3461 forte
1044 3402 1084 3462 'de
1107 3403 1165 3462 Sa-

80 3479 245 3541 cerdotibus
269 3481 302 3540 in
321 3481 493 3541 Ezechielc
515 3480 558 3540 ita
575 3489 679 3563 potest
697 3481 836 3564 intelligi
856 3482 994 3560 iussam,
1017 3492 1164 3564 utsupra

81 3559 177 3622 oculos
192 3584 224 3624 se
241 3572 366 3624 tantum
389 3563 577 3639 tonderent,
600 3564 683 3624 sicut
702 3564 806 3624 adhuc
828 3566 942 3626 Graeci
961 3567 1085 3629 faciunt
1106 3570 1164 3628 Sa-

81 3641 226 3720 cerdotes,
249 3667 322 3704 cum
344 3645 512 3721 Monacbi,
535 3655 567 3706 et
592 3645 680 3706 iuxta
698 3647 920 3726 Athanasium,
943 3657 1044 3710 totum
1070 3660 1165 3735 caput

80 3743 168 3804 usqne
186 3726 225 3787 ad
243 3727 354 3789 barbas
377 3727 490 3787 radant
506 3727 554 3788 bis
579 3738 611 3787 et
627 3729 724 3789 semel
741 3729 774 3787 in
798 3751 898 3807 anno,
923 3733 973 3792 vel
987 3731 1077 3793 iuxta
1096 3734 1164 3816 pri·

80 3825 138 3864 mos
153 3807 292 3870 eiusdem
314 3810 518 3892 professionis
538 3809 621 3871 viros
637 3810 762 3870 Heliam
777 3812 989 3894 Prophetam,
1011 3815 1164 3876 loannem

79 3885 251 3968 Baptistam,
273 3894 408 3953 Paulum
428 3891 621 3968 solitarium,
642 3892 835 3972 Antonium,
858 3896 997 3955 eundem
1012 3894 1164 3956 Anacho-

80 3978 182 4047 ratam,
202 3974 482 4056 Ecclesiarumque
500 3977 691 4050 Ductorem,
713 3983 746 4035 et
770 3975 911 4055 ipsorum
931 3977 1162 4058 Episcoporum

79 4050 248 4132 Magistrum
267 4056 404 4116 naturali
420 4055 559 4138 tegmine
585 4055 734 4115 delectati
760 4076 818 4137 pro
844 4059 1015 4137 gratiarum
1036 4061 1161 4122 actione

78 4131 207 4195 Creatori
237 4138 361 4220 capillis
385 4147 417 4198 et
441 4139 538 4198 barba
568 4138 675 4198 vestiri
707 4159 771 4196 non
805 4150 993 4218 graventur,
1025 4162 1161 4222 quorum

78 4212 161 4276 etiam
175 4219 332 4282 Antonius
347 4221 409 4303 hoc
425 4221 521 4302 dicit,
543 4219 617 4303 quia
632 4219 787 4304 quiequid
802 4228 934 4282 naturae
947 4223 1166 4319 meliorandae
