2684 4990
475 301 521 360 ns
539 261 839 362 uanissimam
867 261 882 307 ⁵
1137 295 1209 366 769

96 451 180 516 longe
197 447 292 522 peritis
309 460 358 519 pes
374 445 459 500 totius
476 444 559 512 segni
583 439 872 502 'ambitum'laetltiam
891 445 928 502 'etv
944 445 1072 514 gaudium
1099 445 1212 512 damant

98 530 224 573 strarant,
261 517 336 572 Etsi
355 517 453 587 aliquis
472 533 505 566 ex
532 509 754 579 ministerialibus
778 515 823 572 vel
851 518 1011 574 consiliariis
1039 518 1210 589 decedebat,

100 589 162 644 Ioco
182 590 239 643 eius
258 605 392 656 congruus
411 594 438 639 et
456 583 530 637 utilis
548 583 753 640 restituebatur.
950 601 955 606 ·

169 691 283 744 XXVII.
318 689 356 741 Es
373 696 403 740 ut
420 687 469 737 illa
487 684 647 748 multitudo,
657 703 730 756 qnae
745 678 776 737 in
792 670 896 755 palatio
915 703 1020 758 semper
1039 707 1095 748 esse
1114 695 1208 762 debet,

100 759 289 815 indeficienter
326 757 447 810 assistere
463 763 571 824 posset,
591 753 737 808 histribus
755 755 896 812 ordinibus
913 757 1065 819 fovebatur.
1083 757 1153 818 'Uno
1171 767 1212 820 vi·

101 829 220 892 delicet,
242 841 273 884 ut
291 777 394 897 aisque
412 825 567 878 ministeriis
586 825 706 895 expediti
723 823 841 889 milites,
861 823 1014 899 anteposita
1032 832 1210 890 Dominarum

99 901 269 968 benignitate
295 908 323 951 et
350 896 555 956 solllcitndiue,
582 911 642 963 qua,
662 912 737 949 nunc
762 895 858 960 victu,
884 915 958 952 nunc
984 901 1103 966 vestitu,
1134 919 1211 962 uuna

101 990 184 1033 auro,
203 987 277 1022 nunc
294 976 420 1036 argento,
440 966 522 1018 modo
542 965 635 1032 equis,
653 965 698 1018 vel
718 965 831 1018 caeteris
859 967 1043 1032 ornamentis,
1071 971 1209 1028 interdum

101 1042 270 1114 specialiter,
290 1038 439 1108 aliquando
457 1042 538 1106 prout
556 1042 679 1103 tempus,
698 1035 787 1098 ratio,
808 1044 835 1088 et
854 1037 918 1089 ordo
938 1040 1099 1104 condignam
1117 1053 1210 1121 potes-

98 1121 183 1166 tatem
201 1107 416 1168 administrabat,
430 1105 538 1176 saepius
555 1104 699 1172 porrectis:
717 1105 747 1160 in.
765 1115 904 1160 eorunm
921 1107 1126 1175 indeficientem
1142 1131 1209 1168 con.

99 1179 274 1242 solationem,
295 1194 421 1230 necnon
440 1175 475 1230 ad
497 1174 587 1238 regale
613 1171 774 1246 obsequium
798 1174 996 1234 inflammatum
1021 1181 1140 1240 animum
1167 1197 1209 1236 as.

99 1251 204 1304 dentius
223 1267 329 1320 semper
347 1244 513 1310 habebant:¹
527 1243 602 1314 quod
626 1243 688 1296 illos
713 1243 825 1315 praelati
850 1245 992 1315 Capitauei
1018 1247 1208 1312 ministeriales

99 1320 221 1374 certatim
241 1319 275 1370 de
294 1318 340 1368 die
358 1317 387 1367 in
398 1315 494 1376 diem,
515 1329 590 1365 nunc
607 1312 691 1376 istos,
719 1330 793 1365 nnnc
820 1313 882 1366 illos
908 1314 942 1367 ad
967 1317 1119 1371 mansiones
1146 1339 1207 1378 suas

97 1390 248 1450 vocabant,
268 1393 369 1440 et'non
387 1394 442 1438 tam
461 1383 541 1450 gulae
559 1381 724 1444 voracitate,
745 1398 825 1452 quam
842 1399 921 1437 verae
939 1385 1140 1455 familiaritatis,
1159 1407 1211 1445 seu¹

97 1459 254 1517 dilectionis
273 1474 381 1518 amare,
399 1463 481 1523 prout
499 1455 600 1522 cuique
617 1451 748 1522 possibile
766 1462 840 1513 erat,
858 1451 1206 1524 impendere‘studebantt
1233 1513 1234 1517 ,

97 1531 193 1598 sicque
211 1527 305 1587 fiebat,
325 1535 356 1578 ut
373 1543 447 1576 rarus
466 1523 584 1594 quisque
601 1523 669 1576 iufra
686 1521 885 1578 hebdomadam
895 1535 1069 1593 ‘remanerem
1083 1532 1132 1601 qui
1148 1547 1206 1586 ιοι

98 1597 132 1651 ab
151 1599 251 1668 aliquo,
263 1595 419 1649 huiusmodi
437 1593 528 1646 studio
547 1602 749 1647 convocaretur.
1127 1595 1152 1640 ἰ
1200 1627 1202 1634 .

166 1699 293 1756 XXVIII.
330 1698 419 1748 Anrsa
428 1695 501 1748 Ordo
517 1711 567 1762 per
583 1692 690 1758 singula
706 1693 856 1746 ministeria
873 1694 1015 1767 discipulis
1029 1697 1206 1766 consuebat,

99 1769 148 1846 qui
165 1768 292 1834 Magistro
309 1783 358 1818 suo
376 1765 473 1830 singuli
492 1766 686 1824 adhaerentes,
707 1770 734 1814 et
752 1763 969 1818 honorificabant
993 1777 1022 1824 et
1045 1769 1215 1828 bonoribus·-

98 1837 210 1900 bantur,
231 1837 355 1908 locisque
374 1835 473 1900 singuli
492 1835 558 1902 auis,
577 1842 658 1903 prout
675 1833 861 1902 opportunitas
881 1837 1053 1899 occurrebat,
1072 1847 1103 1892 ut
1122 1841 1207 1892 allo·

98 1912 172 1962 mino
190 1906 307 1962 videndo
325 1906 370 1960 vel
388 1903 554 1974 alloquendo
574 1903 784 1956 consolarentur.
830 1903 938 1957 Tertius
957 1908 1022 1958 ordo
1041 1909 1108 1960 item
1128 1919 1206 1976 erat,

98 1989 154 2034 tarn
174 1979 321 2038 maiorum,
341 1993 422 2032 uuam
441 1975 574 2026 minorum
592 1972 621 2026 in
638 1973 742 2044 pueris,
761 1973 806 2027 vel
823 1975 949 2036 vasallis,
973 1995 1041 2046 quos
1059 1995 1129 2029 unus
1152 1980 1206 2030 uis-

97 2068 154 2122 que
171 2056 252 2117 prout
268 2035 416 2112 gubernare
436 2053 464 2095 et
486 2050 636 2096 sustentare
662 2041 765 2111 absque
792 2054 928 2112 peccato,
955 2062 983 2096 ra
1004 2047 1049 2100 ina
1073 1997 1207 2104 videiieet

97 2121 143 2174 vel
162 2119 233 2170 furto
251 2124 372 2185 poterat,
391 2114 511 2166 studiose
529 2111 631 2164 habere
648 2112 838 2182 procurabant.
876 2115 908 2168 ln
936 2066 1051 2184 quiius,
1078 2117 1205 2180 seilicet,

99 2186 280 2242 denominatis
299 2183 453 2247 ordinIbus,
479 2181 583 2250 absque
602 2181 662 2244 his,
689 2179 736 2251 qui
761 2198 866 2253 semper
892 2185 982 2238 eundo
1013 2193 1041 2240 et
1065 2185 1207 2242 redeundo

97 2257 231 2330 palatium
243 2250 478 2325 frequentabant,
498 2260 555 2304 erat
573 2251 754 2313 delectabile,
783 2253 858 2322 quod
873 2254 1010 2308 interdum
1035 2266 1062 2308 et
1087 2259 1207 2312 necessi-⁶

98 2329 166 2390 tati,
182 2327 204 2376 si
221 2333 332 2394 repente
349 2324 503 2388 ingrueret,
533 2338 636 2390 semper
658 2321 825 2375 sufficerent:
854 2332 883 2376 et
909 2333 1001 2376 tamen
1027 2341 1147 2394 semper,
1174 2337 1206 2384 ut

100 2398 203 2448 dictum
223 2404 279 2456 est,
299 2394 383 2445 maior
401 2411 460 2461 pars
480 2390 554 2443 illius
572 2399 680 2460 propter
701 2393 822 2461 superius
843 2404 1063 2448 commemoratas
1082 2395 1207 2461 benigni-

98 2474 185 2528 tates,
206 2481 268 2518 cum
286 2461 457 2516 iucunditate
476 2470 503 2514 et
521 2461 658 2515 hilaritate
675 2471 818 2534 prompta,
846 2471 873 2516 at
891 2462 974 2518 alacri
1001 2474 1093 2518 menta
1119 2465 1204 2538 persid

97 2543 208 2592 sterent.
443 2548 449 2557 ·
521 2536 524 2546 '

165 2634 263 2688 xxix:
304 2633 426 2687 Ssonsns
444 2631 546 2688 Divisio
564 2642 620 2698 est,
640 2651 694 2704 qna
710 2629 795 2688 totius
811 2635 895 2702 Regni
912 2645 1012 2699 status,
1040 2640 1204 2708 anteposito,

97 2706 178 2759 sicuti
195 2722 300 2775 semper
318 2713 345 2756 et
364 2705 533 2773 ubicumque
551 2705 804 2774 omnipotentisDei
823 2706 1080 2778 iudicio,quantum
1100 2711 1134 2760 ad
1153 2709 1205 2761 hu-

97 2793 205 2828 manam
223 2775 355 2826 rationem
372 2773 542 2843 pertinebat,
570 2773 720 2828 conservari
738 2774 889 2837 videbatur,
904 2773 980 2830 'haec
999 2785 1047 2828 est.
1083 2779 1206 2830 Consua⁴

96 2847 165 2898 tudo
184 2852 275 2896 autem
292 2853 360 2894 tuno
378 2844 506 2912 temporis
523 2845 586 2895 talis
605 2853 680 2905 erat,
699 2851 730 2894 ut
748 2861 803 2894 non
820 2844 942 2912 saepius,
962 2846 1010 2896 sed
1027 2845 1067 2896 bis
1086 2847 1113 2898 in
1133 2863 1206 2900 anna

96 2915 200 2986 placita
219 2915 273 2965 duo
291 2920 456 2964 tenerentur.
491 2914 599 2975 Unum,
620 2912 730 2982 quando
750 2913 927 2985 ordinabatur
944 2924 1029 2968 status
1052 2917 1135 2969 totius
1154 2918 1205 2968 Ile-

97 2986 141 3052 gn'i
161 2983 195 3035 ad
215 2985 279 3034 anni
296 2981 426 3033 vementis
444 2981 575 3051 spacium,
595 2983 670 3052 quod
689 2983 843 3034 ordinatum
861 2983 954 3038 nullus
973 2994 1086 3037 eventus
1104 3004 1203 3048 resuta,

97 3055 149 3107 nisi
169 3069 272 3105 summa
289 3052 452 3114 necessitas,
473 3068 544 3120 quae
562 3052 686 3104 similiter
701 3059 760 3104 toto
780 3054 869 3118 Regno
893 3051 1087 3120 incumbebat,
1115 3065 1206 3109 muta·

98 3125 185 3177 batur.
225 3125 255 3174 In
274 3139 329 3191 quo
347 3121 449 3190 placito
467 3121 628 3186 generalitas
647 3121 829 3175 universorum
853 3124 983 3176 maiorum
1009 3133 1065 3176 tam
1091 3125 1207 3178 clerico·
1248 3141 1251 3149 ’

98 3213 176 3257 ιιιιιι,
197 3210 279 3264 quam
297 3191 429 3244 laicorum
449 3191 638 3245 conveniebat.
675 3191 817 3257 Seniores,
845 3202 955 3262 propter
973 3194 1116 3248 consilium
1135 3195 1206 3248 ordi·

97 3264 234 3315 nandum:
254 3262 389 3325 minores,
408 3271 518 3332 propter
535 3262 607 3313 idem
626 3262 768 3322 consilium
786 3263 1003 3334 susscipiendurn,
1025 3273 1052 3316 et
1069 3265 1206 3320 interdum

118 3333 197 3386 ariter
213 3331 402 3394 tractandum,
423 3341 451 3383 et
467 3351 523 3384 non
543 3349 576 3383 ex
593 3339 745 3401 potestate,
765 3330 814 3385 sed
831 3349 864 3384 cx
881 3333 991 3404 proprio
1008 3333 1108 3390 mentis
1122 3333 1206 3394 iutel-

96 3354 174 3458 iectu
192 3403 237 3456 vel
255 3399 391 3454 sententia
411 3399 632 3476 confirmandum.

166 3505 251 3560 XXX.
288 3505 436 3558 Cassarum
462 3512 553 3556 autem
579 3511 688 3573 propter
714 3503 785 3558 dona
809 3497 971 3570 generaliter
994 3505 1100 3567 danda,
1129 3501 1205 3564 atiud

96 3576 230 3656 placitum
248 3575 478 3628 cumssenioribns
495 3583 602 3626 tantum
622 3585 650 3627 et
666 3574 819 3644 praecipuis
844 3574 1009 3634 Conciliariis
1027 3575 1205 3640 ‚habebaturr

97 3663 127 3696 m
146 3646 272 3714 quoiam
291 3647 375 3698 futuri
393 3645 459 3702 anui
477 3653 562 3698 status
580 3645 689 3697 tractari
706 3644 904 3715 insipiebatnr,
930 3645 952 3696 si
971 3646 1039 3698 lor-te
1063 3647 1131 3700 talia
1156 3647 1207 3706 alia

98 3732 154 3784 qua
171 3733 199 3767 ss
215 3716 486 3785 praemonstrabant,
509 3727 557 3782 pro
576 3715 803 3784 quibusvneeesse
822 3721 878 3766 erat
894 3715 1116 3784 praemeditando
1135 3717 1208 3769 ordi·

97 3802 182 3846 nare,
208 3787 229 3836 si
248 3787 317 3855 quid
334 3804 396 3838 mox
413 3792 549 3837 transacto
568 3802 647 3844 anno,
658 3782 745 3854 priore
762 3783 1014 3854 incumberet,-·pro
1030 3801 1089 3853 quo
1109 3786 1207 3842 assicia

98 3856 190 3935 pando
209 3855 313 3925 aliquid
331 3864 450 3908 statuere
470 3863 518 3905 aut
535 3856 675 3924 providere
693 3856 840 3906 necessitas
859 3864 943 3907 esset:
969 3854 1044 3907 verbi
1063 3857 1163 3922 gratia,
1183 3855 1206 3908 si

98 3931 170 3977 inter
186 3925 335 3978 Marchisos
352 3927 381 3977 in
400 3924 525 3995 qualibet
542 3925 614 3990 regni
634 3934 709 3994 parte
728 3925 761 3975 ad
781 3923 855 3977 aliud
873 3933 979 3993 ternpus
997 3926 1108 3978 dextrae
1127 3927 1208 3980 datas

99 3992 233 4058 luissent,
254 3994 322 4065 quid
339 4013 401 4048 mox
419 4004 479 4066 post
497 3994 604 4048 dextras
623 4001 731 4048 exactas
750 3995 882 4060 agendum
901 4003 987 4057 essct,
1013 4005 1103 4048 utrum
1129 4013 1207 4050 retroa

84 4064 223 4127 sandes,
244 4082 278 4116 an
292 4065 430 4118 finiendae
450 4075 546 4117 essent.
584 4063 682 4125 Insita,
710 4075 875 4116 caeterarum
900 4063 1016 4133 partium
1042 4065 1208 4124 imminentis

99 4133 150 4186 bus
168 4134 226 4185 rixa
245 4143 273 4188 et
289 4152 357 4206 pace
368 4173 376 4199 ,
394 4144 425 4187 ut
438 4133 593 4186 'seeundum
612 4135 656 4196 id,
678 4135 751 4202 quod
775 4143 842 4186 tunc
867 4134 995 4204 temporis
1015 4134 1089 4206 ,ratio
1113 4153 1208 4208 posea-⁸

99 4203 159 4262 bat,
176 4203 209 4272 (si
229 4221 263 4255 ex
280 4220 334 4256 una
351 4215 427 4274 parte
443 4205 509 4256 hinc
529 4214 576 4255 aut
594 4204 658 4255 inde
676 4204 719 4255 vel
739 4203 861 4256 facienda
878 4205 924 4258 vel
940 4204 1082 4258 toleranda
1099 4203 1207 4276 inquies

98 4273 167 4327 tado
186 4275 337 4329 necessario
354 4274 547 4344 incumbebat)
562 4291 595 4328 en
615 4273 674 4328 aliis
692 4273 815 4345 partibus
827 4274 1012 4346 tranquillitas
1030 4275 1205 4334 astusastus

863 4351 910 4424 49
