<?xml version="1.0" encoding="UTF-8"?>
<!DOCTYPE html PUBLIC "-//W3C//DTD XHTML 1.0 Transitional//EN"
    "http://www.w3.org/TR/xhtml1/DTD/xhtml1-transitional.dtd">
<html xmlns="http://www.w3.org/1999/xhtml" xml:lang="en" lang="en">
 <head>
  <title>
</title>
<meta http-equiv="Content-Type" content="text/html;charset=utf-8" />
  <meta name='ocr-system' content='tesseract 3.04.00' />
  <meta name='ocr-capabilities' content='ocr_page ocr_carea ocr_par ocr_line ocrx_word'/>
</head>
<body>
  <div class='ocr_page' id='page_1' title='image "./corpusiurisgerm03visigoog_0051.png"; bbox 0 0 2734 4990; ppageno 0'>
   <div class='ocr_carea' id='block_1_1' title="bbox 157 257 803 332">
    <p class='ocr_par' dir='ltr' id='par_1_1' title="bbox 157 257 803 332">
     <span class='ocr_line' id='line_1_1' title="bbox 157 257 803 332; baseline 0 0"><span class='ocrx_word' id='word_1_1' title='bbox 157 257 232 332; x_wconf 76' lang='lat' dir='ltr'><strong>tta</strong></span> <span class='ocrx_word' id='word_1_2' title='bbox 613 276 803 332; x_wconf 78' lang='lat' dir='ltr'><strong>sonuerat</strong></span> 
     </span>
    </p>
   </div>
   <div class='ocr_carea' id='block_1_2' title="bbox 220 413 1270 597">
    <p class='ocr_par' dir='ltr' id='par_1_2' title="bbox 220 413 1270 597">
     <span class='ocr_line' id='line_1_2' title="bbox 220 413 1204 500; baseline -0.001 -20"><span class='ocrx_word' id='word_1_3' title='bbox 220 413 451 482; x_wconf 70' lang='lat' dir='ltr'><strong>Iudicabunt</strong></span> <span class='ocrx_word' id='word_1_4' title='bbox 474 416 623 478; x_wconf 78' lang='lat' dir='ltr'><em>Comitem</em></span> <span class='ocrx_word' id='word_1_5' title='bbox 647 437 707 500; x_wconf 87' lang='lat' dir='ltr'><strong>pro</strong></span> <span class='ocrx_word' id='word_1_6' title='bbox 730 419 793 478; x_wconf 83' lang='lat' dir='ltr'><strong>ulio</strong></span> <span class='ocrx_word' id='word_1_7' title='bbox 825 416 947 478; x_wconf 80' lang='lat' dir='ltr'><strong>homine</strong></span> <span class='ocrx_word' id='word_1_8' title='bbox 969 413 1204 499; x_wconf 68' lang='lat' dir='ltr'><strong><em>distringendo.</em></strong></span> 
     </span>
     <span class='ocr_line' id='line_1_3' title="bbox 239 529 1270 597; baseline 0.002 -3"><span class='ocrx_word' id='word_1_9' title='bbox 239 531 354 594; x_wconf 84' lang='lat' dir='ltr'><strong>cxtn.</strong></span> <span class='ocrx_word' id='word_1_10' title='bbox 397 529 458 594; x_wconf 89' lang='lat' dir='ltr'><strong>Ille</strong></span> <span class='ocrx_word' id='word_1_11' title='bbox 479 533 548 593; x_wconf 87' lang='lat' dir='ltr'><strong>Rex</strong></span> <span class='ocrx_word' id='word_1_12' title='bbox 572 531 621 593; x_wconf 80' lang='lat' dir='ltr'><strong>vir</strong></span> <span class='ocrx_word' id='word_1_13' title='bbox 647 533 785 594; x_wconf 79' lang='lat' dir='ltr'>inluster</span> <span class='ocrx_word' id='word_1_14' title='bbox 805 533 855 594; x_wconf 91' lang='lat' dir='ltr'><strong>illi</strong></span> <span class='ocrx_word' id='word_1_15' title='bbox 877 533 1005 596; x_wconf 89' lang='lat' dir='ltr'><strong>Comiti.</strong></span> <span class='ocrx_word' id='word_1_16' title='bbox 1046 534 1172 597; x_wconf 77' lang='lat' dir='ltr'><strong>Fidelis</strong></span> <span class='ocrx_word' id='word_1_17' title='bbox 1195 537 1270 596; x_wconf 88' lang='lat' dir='ltr'><strong>Deo</strong></span> 
     </span>
    </p>
   </div>
   <div class='ocr_carea' id='block_1_3' title="bbox 134 613 1276 784">
    <p class='ocr_par' dir='ltr' id='par_1_3' title="bbox 134 613 1275 784">
     <span class='ocr_line' id='line_1_4' title="bbox 157 613 1275 712; baseline -0.001 -35"><span class='ocrx_word' id='word_1_18' title='bbox 157 613 420 712; x_wconf 80' lang='lat' dir='ltr'><strong>propitionoster</strong></span> <span class='ocrx_word' id='word_1_19' title='bbox 441 614 497 675; x_wconf 92' lang='lat' dir='ltr'><strong>ille</strong></span> <span class='ocrx_word' id='word_1_20' title='bbox 520 615 559 674; x_wconf 89' lang='lat' dir='ltr'><strong>ad</strong></span> <span class='ocrx_word' id='word_1_21' title='bbox 581 615 792 710; x_wconf 85' lang='lat' dir='ltr'><strong>praesentiam</strong></span> <span class='ocrx_word' id='word_1_22' title='bbox 807 626 946 676; x_wconf 88' lang='lat' dir='ltr'><strong>nostram</strong></span> <span class='ocrx_word' id='word_1_23' title='bbox 968 615 1099 679; x_wconf 85' lang='lat' dir='ltr'><strong>veniens</strong></span> <span class='ocrx_word' id='word_1_24' title='bbox 1122 617 1275 678; x_wconf 87' lang='lat' dir='ltr'><strong>clemen·</strong></span> 
     </span>
     <span class='ocr_line' id='line_1_5' title="bbox 134 696 1276 784; baseline 0.003 -27"><span class='ocrx_word' id='word_1_25' title='bbox 134 699 221 780; x_wconf 32' lang='lat' dir='ltr'><strong>,tiae</strong></span> <span class='ocrx_word' id='word_1_26' title='bbox 243 718 335 780; x_wconf 76' lang='lat' dir='ltr'><strong>regni</strong></span> <span class='ocrx_word' id='word_1_27' title='bbox 350 696 450 758; x_wconf 78' lang='lat' dir='ltr'><strong>nostri</strong></span> <span class='ocrx_word' id='word_1_28' title='bbox 467 697 622 778; x_wconf 77' lang='lat' dir='ltr'><strong>suggessit</strong></span> <span class='ocrx_word' id='word_1_29' title='bbox 633 698 720 782; x_wconf 70' lang='lat' dir='ltr'><strong>quosl</strong></span> <span class='ocrx_word' id='word_1_30' title='bbox 737 699 882 780; x_wconf 75' lang='lat' dir='ltr'>pagensis</span> <span class='ocrx_word' id='word_1_31' title='bbox 905 708 964 765; x_wconf 89' lang='lat' dir='ltr'><strong>etc.</strong></span> <span class='ocrx_word' id='word_1_32' title='bbox 987 705 1179 784; x_wconf 83' lang='lat' dir='ltr'><strong>utsuprap.</strong></span> <span class='ocrx_word' id='word_1_33' title='bbox 1195 701 1276 762; x_wconf 74' lang='lat'><strong>305.</strong></span> 
     </span>
    </p>
   </div>
   <div class='ocr_carea' id='block_1_4' title="bbox 383 810 1033 892">
    <p class='ocr_par' dir='ltr' id='par_1_4' title="bbox 383 810 1033 892">
     <span class='ocr_line' id='line_1_6' title="bbox 383 810 1033 892; baseline -0.002 -20"><span class='ocrx_word' id='word_1_34' title='bbox 383 813 432 872; x_wconf 90' lang='lat' dir='ltr'><strong>De</strong></span> <span class='ocrx_word' id='word_1_35' title='bbox 465 810 624 874; x_wconf 78' lang='lat' dir='ltr'><strong>diuisione</strong></span> <span class='ocrx_word' id='word_1_36' title='bbox 649 813 702 873; x_wconf 83' lang='lat' dir='ltr'><strong>att</strong></span> <span class='ocrx_word' id='word_1_37' title='bbox 722 813 839 872; x_wconf 86' lang='lat' dir='ltr'><strong>Missus</strong></span> <span class='ocrx_word' id='word_1_38' title='bbox 865 826 911 874; x_wconf 89' lang='lat' dir='ltr'><strong>est</strong></span> <span class='ocrx_word' id='word_1_39' title='bbox 933 814 1033 892; x_wconf 75' lang='lat' dir='ltr'><strong>Regis.</strong></span> 
     </span>
    </p>
   </div>
   <div class='ocr_carea' id='block_1_5' title="bbox 156 927 1276 1179">
    <p class='ocr_par' dir='ltr' id='par_1_5' title="bbox 156 927 1276 1179">
     <span class='ocr_line' id='line_1_7' title="bbox 237 927 1276 1010; baseline 0.002 -20"><span class='ocrx_word' id='word_1_40' title='bbox 237 927 356 994; x_wconf 91' lang='lat' dir='ltr'>CXIV.</span> <span class='ocrx_word' id='word_1_41' title='bbox 396 930 481 990; x_wconf 91' lang='lat' dir='ltr'><strong>Dum</strong></span> <span class='ocrx_word' id='word_1_42' title='bbox 510 939 542 991; x_wconf 88' lang='lat' dir='ltr'><strong>et</strong></span> <span class='ocrx_word' id='word_1_43' title='bbox 575 929 690 991; x_wconf 82' lang='lat' dir='ltr'><strong>divisio</strong></span> <span class='ocrx_word' id='word_1_44' title='bbox 717 938 748 989; x_wconf 93' lang='lat' dir='ltr'><strong>et</strong></span> <span class='ocrx_word' id='word_1_45' title='bbox 776 928 965 1010; x_wconf 80' lang='lat' dir='ltr'><strong>exaequatio</strong></span> <span class='ocrx_word' id='word_1_46' title='bbox 994 929 1078 990; x_wconf 92' lang='lat' dir='ltr'><strong>inter</strong></span> <span class='ocrx_word' id='word_1_47' title='bbox 1104 927 1208 990; x_wconf 89' lang='lat' dir='ltr'><strong>illum</strong></span> <span class='ocrx_word' id='word_1_48' title='bbox 1239 939 1276 992; x_wconf 86' lang='lat' dir='ltr'><strong>et</strong></span> 
     </span>
     <span class='ocr_line' id='line_1_8' title="bbox 156 1011 1270 1094; baseline 0.004 -24"><span class='ocrx_word' id='word_1_49' title='bbox 156 1011 251 1070; x_wconf 87' lang='lat' dir='ltr'><strong>illum</strong></span> <span class='ocrx_word' id='word_1_50' title='bbox 272 1031 330 1071; x_wconf 89' lang='lat' dir='ltr'><strong>scu</strong></span> <span class='ocrx_word' id='word_1_51' title='bbox 360 1021 521 1072; x_wconf 81' lang='lat' dir='ltr'><strong>consortes</strong></span> <span class='ocrx_word' id='word_1_52' title='bbox 542 1033 653 1074; x_wconf 89' lang='lat' dir='ltr'><strong>eorum</strong></span> <span class='ocrx_word' id='word_1_53' title='bbox 679 1011 718 1072; x_wconf 91' lang='lat' dir='ltr'><strong>de</strong></span> <span class='ocrx_word' id='word_1_54' title='bbox 745 1012 838 1072; x_wconf 88' lang='lat' dir='ltr'><strong>alode</strong></span> <span class='ocrx_word' id='word_1_55' title='bbox 865 1012 923 1071; x_wconf 92' lang='lat' dir='ltr'><strong>illo</strong></span> <span class='ocrx_word' id='word_1_56' title='bbox 951 1021 1007 1072; x_wconf 87' lang='lat' dir='ltr'><strong>aut</strong></span> <span class='ocrx_word' id='word_1_57' title='bbox 1027 1012 1065 1073; x_wconf 92' lang='lat' dir='ltr'><strong>de</strong></span> <span class='ocrx_word' id='word_1_58' title='bbox 1088 1031 1165 1094; x_wconf 78' lang='lat' dir='ltr'><strong>agro</strong></span> <span class='ocrx_word' id='word_1_59' title='bbox 1204 1011 1270 1074; x_wconf 89' lang='lat' dir='ltr'><strong>illo</strong></span> 
     </span>
     <span class='ocr_line' id='line_1_9' title="bbox 158 1093 880 1179; baseline 0.003 -25"><span class='ocrx_word' id='word_1_60' title='bbox 158 1093 312 1154; x_wconf 87' lang='lat' dir='ltr'><strong>celebrari</strong></span> <span class='ocrx_word' id='word_1_61' title='bbox 338 1093 436 1154; x_wconf 89' lang='lat' dir='ltr'><strong>debet</strong></span> <span class='ocrx_word' id='word_1_62' title='bbox 455 1104 516 1158; x_wconf 90' lang='lat' dir='ltr'><strong>etc.</strong></span> <span class='ocrx_word' id='word_1_63' title='bbox 537 1108 571 1155; x_wconf 87' lang='lat' dir='ltr'><strong>ut</strong></span> <span class='ocrx_word' id='word_1_64' title='bbox 595 1116 690 1179; x_wconf 85' lang='lat' dir='ltr'><strong>supra</strong></span> <span class='ocrx_word' id='word_1_65' title='bbox 708 1115 780 1179; x_wconf 80' lang='lat' dir='ltr'><strong>pag.</strong></span> <span class='ocrx_word' id='word_1_66' title='bbox 809 1095 880 1159; x_wconf 77' lang='lat'><strong>500.</strong></span> 
     </span>
    </p>
   </div>
   <div class='ocr_carea' id='block_1_6' title="bbox 441 1208 975 1294">
    <p class='ocr_par' dir='ltr' id='par_1_6' title="bbox 441 1208 975 1294">
     <span class='ocr_line' id='line_1_10' title="bbox 441 1208 975 1294; baseline -0.002 -26"><span class='ocrx_word' id='word_1_67' title='bbox 441 1209 490 1269; x_wconf 90' lang='lat' dir='ltr'><strong>De</strong></span> <span class='ocrx_word' id='word_1_68' title='bbox 516 1210 617 1270; x_wconf 81' lang='lat' dir='ltr'><strong>carreis</strong></span> <span class='ocrx_word' id='word_1_69' title='bbox 641 1211 770 1269; x_wconf 85' lang='lat' dir='ltr'><strong>alterius</strong></span> <span class='ocrx_word' id='word_1_70' title='bbox 791 1208 975 1294; x_wconf 82' lang='lat' dir='ltr'><strong>recipiendi.</strong></span> 
     </span>
    </p>
   </div>
   <div class='ocr_carea' id='block_1_7' title="bbox 154 1319 1270 1656">
    <p class='ocr_par' dir='ltr' id='par_1_7' title="bbox 154 1319 1270 1656">
     <span class='ocr_line' id='line_1_11' title="bbox 236 1319 1270 1420; baseline 0.001 -36"><span class='ocrx_word' id='word_1_71' title='bbox 236 1319 338 1389; x_wconf 89' lang='lat' dir='ltr'><strong>CXV.</strong></span> <span class='ocrx_word' id='word_1_72' title='bbox 379 1323 501 1386; x_wconf 84' lang='lat' dir='ltr'>Fidelis</span> <span class='ocrx_word' id='word_1_73' title='bbox 523 1323 661 1384; x_wconf 88' lang='lat' dir='ltr'><strong>Domino</strong></span> <span class='ocrx_word' id='word_1_74' title='bbox 680 1321 825 1420; x_wconf 80' lang='lat' dir='ltr'><strong>propitio</strong></span> <span class='ocrx_word' id='word_1_75' title='bbox 849 1333 958 1383; x_wconf 90' lang='lat' dir='ltr'><strong>noster</strong></span> <span class='ocrx_word' id='word_1_76' title='bbox 980 1323 1035 1384; x_wconf 92' lang='lat' dir='ltr'><strong>ille</strong></span> <span class='ocrx_word' id='word_1_77' title='bbox 1058 1324 1099 1384; x_wconf 88' lang='lat' dir='ltr'><strong>ad</strong></span> <span class='ocrx_word' id='word_1_78' title='bbox 1120 1333 1270 1385; x_wconf 86' lang='lat' dir='ltr'><strong>nostram</strong></span> 
     </span>
     <span class='ocr_line' id='line_1_12' title="bbox 155 1403 1269 1500; baseline 0 -33"><span class='ocrx_word' id='word_1_79' title='bbox 155 1403 289 1468; x_wconf 84' lang='lat' dir='ltr'><strong>veniens</strong></span> <span class='ocrx_word' id='word_1_80' title='bbox 314 1406 527 1488; x_wconf 90' lang='lat' dir='ltr'><strong>praesentiam</strong></span> <span class='ocrx_word' id='word_1_81' title='bbox 547 1407 702 1488; x_wconf 83' lang='lat' dir='ltr'><strong>suggessit</strong></span> <span class='ocrx_word' id='word_1_82' title='bbox 724 1405 813 1466; x_wconf 89' lang='lat' dir='ltr'><strong>nobis</strong></span> <span class='ocrx_word' id='word_1_83' title='bbox 836 1427 875 1466; x_wconf 88' lang='lat' dir='ltr'><strong>eo</strong></span> <span class='ocrx_word' id='word_1_84' title='bbox 904 1407 992 1500; x_wconf 80' lang='lat' dir='ltr'><strong>quod</strong></span> <span class='ocrx_word' id='word_1_85' title='bbox 1020 1414 1163 1490; x_wconf 91' lang='lat' dir='ltr'><strong>propter</strong></span> <span class='ocrx_word' id='word_1_86' title='bbox 1188 1407 1269 1468; x_wconf 91' lang='lat' dir='ltr'><strong>sim-</strong></span> 
     </span>
     <span class='ocr_line' id='line_1_13' title="bbox 154 1488 1270 1606; baseline 0.005 -60"><span class='ocrx_word' id='word_1_87' title='bbox 154 1488 332 1571; x_wconf 87' lang='lat' dir='ltr'><strong>plicitatem</strong></span> <span class='ocrx_word' id='word_1_88' title='bbox 352 1509 441 1551; x_wconf 87' lang='lat' dir='ltr'><strong>suam</strong></span> <span class='ocrx_word' id='word_1_89' title='bbox 469 1509 577 1550; x_wconf 81' lang='lat' dir='ltr'><strong>causas</strong></span> <span class='ocrx_word' id='word_1_90' title='bbox 606 1510 676 1550; x_wconf 90' lang='lat' dir='ltr'><strong>suas</strong></span> <span class='ocrx_word' id='word_1_91' title='bbox 703 1488 835 1550; x_wconf 89' lang='lat' dir='ltr'><strong>minime</strong></span> <span class='ocrx_word' id='word_1_92' title='bbox 856 1488 957 1573; x_wconf 82' lang='lat' dir='ltr'><strong>possit</strong></span> <span class='ocrx_word' id='word_1_93' title='bbox 981 1509 1181 1606; x_wconf 82' lang='lat' dir='ltr'><strong>prosequere</strong></span> <span class='ocrx_word' id='word_1_94' title='bbox 1213 1492 1270 1553; x_wconf 78' lang='lat' dir='ltr'><strong>vel</strong></span> 
     </span>
     <span class='ocr_line' id='line_1_14' title="bbox 156 1570 767 1656; baseline 0.005 -27"><span class='ocrx_word' id='word_1_95' title='bbox 156 1570 327 1632; x_wconf 81' lang='lat' dir='ltr'><strong>admallare</strong></span> <span class='ocrx_word' id='word_1_96' title='bbox 349 1580 409 1633; x_wconf 87' lang='lat' dir='ltr'><strong>etc</strong></span> <span class='ocrx_word' id='word_1_97' title='bbox 432 1583 467 1632; x_wconf 83' lang='lat' dir='ltr'><strong>ut</strong></span> <span class='ocrx_word' id='word_1_98' title='bbox 488 1592 585 1656; x_wconf 83' lang='lat' dir='ltr'><strong>supra</strong></span> <span class='ocrx_word' id='word_1_99' title='bbox 601 1594 673 1655; x_wconf 79' lang='lat' dir='ltr'><strong>pag.</strong></span> <span class='ocrx_word' id='word_1_100' title='bbox 696 1573 767 1632; x_wconf 78' lang='lat'><strong>300.</strong></span> 
     </span>
    </p>
   </div>
   <div class='ocr_carea' id='block_1_8' title="bbox 536 1687 886 1749">
    <p class='ocr_par' dir='ltr' id='par_1_8' title="bbox 536 1687 886 1749">
     <span class='ocr_line' id='line_1_15' title="bbox 536 1687 886 1749; baseline -0.009 0"><span class='ocrx_word' id='word_1_101' title='bbox 536 1687 668 1749; x_wconf 84' lang='lat' dir='ltr'><strong>Formul</strong></span> <span class='ocrx_word' id='word_1_102' title='bbox 667 1711 686 1746; x_wconf 87' lang='lat' dir='ltr'><strong>a</strong></span> <span class='ocrx_word' id='word_1_103' title='bbox 713 1688 886 1749; x_wconf 86' lang='lat' dir='ltr'><strong>citationis.</strong></span> 
     </span>
    </p>
   </div>
   <div class='ocr_carea' id='block_1_9' title="bbox 144 1800 1270 2306">
    <p class='ocr_par' dir='ltr' id='par_1_9' title="bbox 144 1800 1270 2300">
     <span class='ocr_line' id='line_1_16' title="bbox 236 1800 1270 1896; baseline 0.003 -31"><span class='ocrx_word' id='word_1_104' title='bbox 236 1802 352 1866; x_wconf 86' lang='lat' dir='ltr'><strong>CXVl.</strong></span> <span class='ocrx_word' id='word_1_105' title='bbox 395 1802 556 1881; x_wconf 84' lang='lat' dir='ltr'><strong>Quoniam</strong></span> <span class='ocrx_word' id='word_1_106' title='bbox 585 1801 802 1896; x_wconf 81' lang='lat' dir='ltr'><strong>imperialibus</strong></span> <span class='ocrx_word' id='word_1_107' title='bbox 825 1800 1043 1864; x_wconf 83' lang='lat' dir='ltr'><strong>sanctionibus</strong></span> <span class='ocrx_word' id='word_1_108' title='bbox 1064 1811 1197 1864; x_wconf 86' lang='lat' dir='ltr'><strong>cautum</strong></span> <span class='ocrx_word' id='word_1_109' title='bbox 1220 1816 1270 1868; x_wconf 86' lang='lat' dir='ltr'><strong>est</strong></span> 
     </span>
     <span class='ocr_line' id='line_1_17' title="bbox 145 1884 1269 1982; baseline 0.001 -36"><span class='ocrx_word' id='word_1_110' title='bbox 145 1893 192 1946; x_wconf 85' lang='lat' dir='ltr'><strong>ut</strong></span> <span class='ocrx_word' id='word_1_111' title='bbox 213 1886 375 1964; x_wconf 84' lang='lat' dir='ltr'><strong>absentes,</strong></span> <span class='ocrx_word' id='word_1_112' title='bbox 405 1896 516 1982; x_wconf 79' lang='lat' dir='ltr'><strong>contra</strong></span> <span class='ocrx_word' id='word_1_113' title='bbox 537 1907 617 1966; x_wconf 91' lang='lat' dir='ltr'><strong>quos</strong></span> <span class='ocrx_word' id='word_1_114' title='bbox 640 1884 780 1945; x_wconf 82' lang='lat' dir='ltr'><strong>actiones</strong></span> <span class='ocrx_word' id='word_1_115' title='bbox 803 1905 953 1944; x_wconf 78' lang='lat' dir='ltr'><strong>exercere</strong></span> <span class='ocrx_word' id='word_1_116' title='bbox 975 1886 1130 1979; x_wconf 79' lang='lat' dir='ltr'><strong>eupiunt,</strong></span> <span class='ocrx_word' id='word_1_117' title='bbox 1153 1887 1189 1945; x_wconf 92' lang='lat' dir='ltr'><strong>iu</strong></span> <span class='ocrx_word' id='word_1_118' title='bbox 1214 1889 1269 1947; x_wconf 93' lang='lat' dir='ltr'><strong>iu-</strong></span> 
     </span>
     <span class='ocr_line' id='line_1_18' title="bbox 144 1953 1267 2050; baseline 0.004 -22"><span class='ocrx_word' id='word_1_119' title='bbox 144 1969 240 2030; x_wconf 87' lang='lat' dir='ltr'><strong>.dicio</strong></span> <span class='ocrx_word' id='word_1_120' title='bbox 261 1970 385 2050; x_wconf 90' lang='lat' dir='ltr'><strong>copiam</strong></span> <span class='ocrx_word' id='word_1_121' title='bbox 407 1967 457 2029; x_wconf 91' lang='lat' dir='ltr'><strong>sui</strong></span> <span class='ocrx_word' id='word_1_122' title='bbox 477 1953 586 2028; x_wconf 84' lang='lat' dir='ltr'><strong>facere</strong></span> <span class='ocrx_word' id='word_1_123' title='bbox 608 1967 720 2029; x_wconf 87' lang='lat' dir='ltr'><strong>edictis</strong></span> <span class='ocrx_word' id='word_1_124' title='bbox 742 1967 902 2045; x_wconf 81' lang='lat' dir='ltr'><strong>citantur,</strong></span> <span class='ocrx_word' id='word_1_125' title='bbox 930 1966 1051 2028; x_wconf 90' lang='lat' dir='ltr'><strong>idcirco</strong></span> <span class='ocrx_word' id='word_1_126' title='bbox 1073 1989 1131 2050; x_wconf 84' lang='lat' dir='ltr'><strong>ego</strong></span> <span class='ocrx_word' id='word_1_127' title='bbox 1154 1969 1267 2032; x_wconf 83' lang='lat' dir='ltr'><strong>ludex</strong></span> 
     </span>
     <span class='ocr_line' id='line_1_19' title="bbox 153 2049 1267 2132; baseline 0.003 -23"><span class='ocrx_word' id='word_1_128' title='bbox 153 2049 210 2110; x_wconf 88' lang='lat' dir='ltr'><strong>has</strong></span> <span class='ocrx_word' id='word_1_129' title='bbox 233 2051 459 2112; x_wconf 88' lang='lat' dir='ltr'><strong>admonitorias</strong></span> <span class='ocrx_word' id='word_1_130' title='bbox 480 2051 538 2110; x_wconf 92' lang='lat' dir='ltr'><strong>tibi</strong></span> <span class='ocrx_word' id='word_1_131' title='bbox 570 2050 696 2130; x_wconf 76' lang='lat' dir='ltr'><strong>delego,</strong></span> <span class='ocrx_word' id='word_1_132' title='bbox 720 2059 878 2132; x_wconf 89' lang='lat' dir='ltr'><strong>quatenns</strong></span> <span class='ocrx_word' id='word_1_133' title='bbox 901 2049 934 2108; x_wconf 94' lang='lat' dir='ltr'><strong>in</strong></span> <span class='ocrx_word' id='word_1_134' title='bbox 964 2049 1084 2110; x_wconf 87' lang='lat' dir='ltr'><strong>iudicio</strong></span> <span class='ocrx_word' id='word_1_135' title='bbox 1108 2071 1267 2130; x_wconf 88' lang='lat' dir='ltr'><strong>praesen-</strong></span> 
     </span>
     <span class='ocr_line' id='line_1_20' title="bbox 153 2131 1268 2226; baseline 0.003 -34"><span class='ocrx_word' id='word_1_136' title='bbox 153 2133 231 2192; x_wconf 80' lang='lat' dir='ltr'><strong>tian&#39;r</strong></span> <span class='ocrx_word' id='word_1_137' title='bbox 251 2132 298 2191; x_wconf 90' lang='lat' dir='ltr'><strong>tui</strong></span> <span class='ocrx_word' id='word_1_138' title='bbox 321 2134 428 2210; x_wconf 84' lang='lat' dir='ltr'><strong>facias,</strong></span> <span class='ocrx_word' id='word_1_139' title='bbox 451 2133 728 2226; x_wconf 84' lang='lat' dir='ltr'><strong>intentionemque</strong></span> <span class='ocrx_word' id='word_1_140' title='bbox 750 2133 866 2193; x_wconf 89' lang='lat' dir='ltr'><strong>actoris</strong></span> <span class='ocrx_word' id='word_1_141' title='bbox 889 2131 1060 2226; x_wconf 86' lang='lat' dir='ltr'><strong>suscipias,</strong></span> <span class='ocrx_word' id='word_1_142' title='bbox 1081 2135 1177 2214; x_wconf 87' lang='lat' dir='ltr'><strong>eique</strong></span> <span class='ocrx_word' id='word_1_143' title='bbox 1203 2157 1268 2219; x_wconf 93' lang='lat' dir='ltr'><strong>op-</strong></span> 
     </span>
     <span class='ocr_line' id='line_1_21' title="bbox 153 2213 966 2306; baseline 0 -32"><span class='ocrx_word' id='word_1_144' title='bbox 153 2214 327 2306; x_wconf 84' lang='lat' dir='ltr'><strong>positiones</strong></span> <span class='ocrx_word' id='word_1_145' title='bbox 348 2215 456 2296; x_wconf 81' lang='lat' dir='ltr'><strong>legum</strong></span> <span class='ocrx_word' id='word_1_146' title='bbox 483 2225 577 2297; x_wconf 86' lang='lat' dir='ltr'><strong>atque</strong></span> <span class='ocrx_word' id='word_1_147' title='bbox 600 2215 804 2298; x_wconf 81' lang='lat' dir='ltr'><strong>exceptiones</strong></span> <span class='ocrx_word' id='word_1_148' title='bbox 827 2213 966 2280; x_wconf 89' lang='lat' dir='ltr'><strong>obiicias.</strong></span> 
     </span>
    </p>
   </div>
   <div class='ocr_carea' id='block_1_10' title="bbox 439 2331 958 2414">
    <p class='ocr_par' dir='ltr' id='par_1_10' title="bbox 439 2331 958 2414">
     <span class='ocr_line' id='line_1_22' title="bbox 439 2331 958 2414; baseline -0.002 -22"><span class='ocrx_word' id='word_1_149' title='bbox 439 2331 550 2392; x_wconf 87' lang='lat' dir='ltr'><strong>Editio</strong></span> <span class='ocrx_word' id='word_1_150' title='bbox 578 2331 697 2412; x_wconf 79' lang='lat' dir='ltr'><strong>l&#39;egrlrus</strong></span> <span class='ocrx_word' id='word_1_151' title='bbox 727 2333 958 2414; x_wconf 78' lang='lat' dir='ltr'><strong>comprehensa.</strong></span> 
     </span>
    </p>
   </div>
   <div class='ocr_carea' id='block_1_11' title="bbox 153 2443 1269 2775">
    <p class='ocr_par' dir='ltr' id='par_1_11' title="bbox 153 2443 1269 2775">
     <span class='ocr_line' id='line_1_23' title="bbox 237 2443 1269 2540; baseline 0.001 -35"><span class='ocrx_word' id='word_1_152' title='bbox 237 2443 374 2540; x_wconf 81' lang='lat' dir='ltr'><strong>CXVIl.</strong></span> <span class='ocrx_word' id='word_1_153' title='bbox 415 2445 483 2506; x_wconf 80' lang='lat' dir='ltr'><strong>Lex</strong></span> <span class='ocrx_word' id='word_1_154' title='bbox 506 2447 646 2505; x_wconf 90' lang='lat' dir='ltr'><strong>Romana</strong></span> <span class='ocrx_word' id='word_1_155' title='bbox 667 2465 724 2528; x_wconf 91' lang='lat' dir='ltr'><strong>pro</strong></span> <span class='ocrx_word' id='word_1_156' title='bbox 747 2444 884 2504; x_wconf 88' lang='lat' dir='ltr'><strong>utilitate</strong></span> <span class='ocrx_word' id='word_1_157' title='bbox 907 2443 1038 2503; x_wconf 86' lang='lat' dir='ltr'><strong>humani</strong></span> <span class='ocrx_word' id='word_1_158' title='bbox 1058 2443 1184 2526; x_wconf 80' lang='lat' dir='ltr'><strong>generis</strong></span> <span class='ocrx_word' id='word_1_159' title='bbox 1209 2467 1269 2506; x_wconf 85' lang='lat' dir='ltr'><strong>ex-</strong></span> 
     </span>
     <span class='ocr_line' id='line_1_24' title="bbox 155 2527 1268 2609; baseline 0 -21"><span class='ocrx_word' id='word_1_160' title='bbox 155 2528 259 2609; x_wconf 90' lang='lat' dir='ltr'><strong>poscit</strong></span> <span class='ocrx_word' id='word_1_161' title='bbox 282 2538 317 2587; x_wconf 93' lang='lat' dir='ltr'><strong>ut</strong></span> <span class='ocrx_word' id='word_1_162' title='bbox 337 2528 363 2588; x_wconf 91' lang='lat' dir='ltr'><strong>si</strong></span> <span class='ocrx_word' id='word_1_163' title='bbox 386 2528 514 2609; x_wconf 91' lang='lat' dir='ltr'><strong>quando</strong></span> <span class='ocrx_word' id='word_1_164' title='bbox 536 2529 756 2607; x_wconf 87' lang='lat' dir='ltr'><strong>cuiuscunque</strong></span> <span class='ocrx_word' id='word_1_165' title='bbox 778 2527 896 2586; x_wconf 89' lang='lat' dir='ltr'><strong>iniusta</strong></span> <span class='ocrx_word' id='word_1_166' title='bbox 917 2529 1088 2608; x_wconf 86' lang='lat' dir='ltr'><strong>appellatio</strong></span> <span class='ocrx_word' id='word_1_167' title='bbox 1109 2549 1268 2608; x_wconf 81' lang='lat' dir='ltr'><strong>compro-</strong></span> 
     </span>
     <span class='ocr_line' id='line_1_25' title="bbox 153 2609 1268 2704; baseline -0.001 -32"><span class='ocrx_word' id='word_1_168' title='bbox 153 2612 268 2688; x_wconf 89' lang='lat' dir='ltr'><strong>batur,</strong></span> <span class='ocrx_word' id='word_1_169' title='bbox 292 2621 436 2692; x_wconf 89' lang='lat' dir='ltr'><strong>sumptus</strong></span> <span class='ocrx_word' id='word_1_170' title='bbox 460 2632 539 2690; x_wconf 89' lang='lat' dir='ltr'><strong>quos</strong></span> <span class='ocrx_word' id='word_1_171' title='bbox 565 2620 635 2704; x_wconf 73' lang='lat' dir='ltr'><strong>post</strong></span> <span class='ocrx_word' id='word_1_172' title='bbox 656 2609 904 2691; x_wconf 86' lang='lat' dir='ltr'><strong>appellationem</strong></span> <span class='ocrx_word' id='word_1_173' title='bbox 927 2609 1083 2668; x_wconf 88' lang='lat' dir='ltr'><strong>advers</strong></span> <span class='ocrx_word' id='word_1_174' title='bbox 1048 2629 1143 2668; x_wconf 73' lang='lat' dir='ltr'><strong>trium</strong></span> <span class='ocrx_word' id='word_1_175' title='bbox 1164 2631 1268 2670; x_wconf 85' lang='lat' dir='ltr'><strong>suum</strong></span> 
     </span>
     <span class='ocr_line' id='line_1_26' title="bbox 156 2691 1117 2775; baseline 0.002 -23"><span class='ocrx_word' id='word_1_176' title='bbox 156 2704 320 2754; x_wconf 86' lang='lat' dir='ltr'><strong>accusator</strong></span> <span class='ocrx_word' id='word_1_177' title='bbox 341 2693 497 2774; x_wconf 89' lang='lat' dir='ltr'><strong>compulit</strong></span> <span class='ocrx_word' id='word_1_178' title='bbox 517 2691 673 2752; x_wconf 88' lang='lat' dir='ltr'><strong>sustinere</strong></span> <span class='ocrx_word' id='word_1_179' title='bbox 695 2701 755 2752; x_wconf 88' lang='lat' dir='ltr'><strong>etc</strong></span> <span class='ocrx_word' id='word_1_180' title='bbox 777 2703 811 2750; x_wconf 87' lang='lat' dir='ltr'><strong>nt</strong></span> <span class='ocrx_word' id='word_1_181' title='bbox 837 2713 931 2775; x_wconf 87' lang='lat' dir='ltr'><strong>supra</strong></span> <span class='ocrx_word' id='word_1_182' title='bbox 950 2712 1021 2772; x_wconf 79' lang='lat' dir='ltr'><strong>pag</strong></span> <span class='ocrx_word' id='word_1_183' title='bbox 1048 2691 1117 2754; x_wconf 79' lang='lat'><strong>388</strong></span> 
     </span>
    </p>
   </div>
   <div class='ocr_carea' id='block_1_12' title="bbox 146 2793 1267 2970">
    <p class='ocr_par' dir='ltr' id='par_1_12' title="bbox 146 2793 1267 2970">
     <span class='ocr_line' id='line_1_27' title="bbox 146 2793 1267 2887; baseline 0.003 -21"><span class='ocrx_word' id='word_1_184' title='bbox 146 2803 194 2866; x_wconf 37' lang='lat' dir='ltr'><strong>*Si</strong></span> <span class='ocrx_word' id='word_1_185' title='bbox 216 2805 255 2866; x_wconf 88' lang='lat' dir='ltr'><strong>de</strong></span> <span class='ocrx_word' id='word_1_186' title='bbox 276 2793 446 2868; x_wconf 79' lang='lat' dir='ltr'><strong>homicidio</strong></span> <span class='ocrx_word' id='word_1_187' title='bbox 471 2807 626 2866; x_wconf 84' lang='lat' dir='ltr'><strong>accusatio</strong></span> <span class='ocrx_word' id='word_1_188' title='bbox 653 2806 860 2887; x_wconf 45' lang='lat' dir='ltr'><strong>processerim</strong></span> <span class='ocrx_word' id='word_1_189' title='bbox 885 2803 1054 2864; x_wconf 87' lang='lat' dir='ltr'><strong>secundum</strong></span> <span class='ocrx_word' id='word_1_190' title='bbox 1079 2808 1158 2865; x_wconf 82' lang='lat' dir='ltr'><strong>banc</strong></span> <span class='ocrx_word' id='word_1_191' title='bbox 1185 2829 1267 2870; x_wconf 87' lang='lat' dir='ltr'><strong>sen-</strong></span> 
     </span>
     <span class='ocr_line' id='line_1_28' title="bbox 441 2887 964 2970; baseline -0.006 -22"><span class='ocrx_word' id='word_1_192' title='bbox 441 2891 569 2948; x_wconf 85' lang='lat' dir='ltr'><strong>tentiam</strong></span> <span class='ocrx_word' id='word_1_193' title='bbox 596 2889 757 2970; x_wconf 81' lang='lat' dir='ltr'><strong>inscriptio</strong></span> <span class='ocrx_word' id='word_1_194' title='bbox 784 2887 964 2951; x_wconf 83' lang='lat' dir='ltr'><strong>celebretur</strong></span> 
     </span>
    </p>
   </div>
   <div class='ocr_carea' id='block_1_13' title="bbox 153 2999 1266 3170">
    <p class='ocr_par' dir='ltr' id='par_1_13' title="bbox 153 2999 1266 3170">
     <span class='ocr_line' id='line_1_29' title="bbox 237 2999 1266 3084; baseline -0.001 -19"><span class='ocrx_word' id='word_1_195' title='bbox 237 3003 387 3067; x_wconf 86' lang='lat' dir='ltr'><strong>GXVllI.</strong></span> <span class='ocrx_word' id='word_1_196' title='bbox 432 3003 627 3080; x_wconf 90' lang='lat' dir='ltr'><strong>Quicunque</strong></span> <span class='ocrx_word' id='word_1_197' title='bbox 658 3001 756 3060; x_wconf 88' lang='lat' dir='ltr'><strong>alium</strong></span> <span class='ocrx_word' id='word_1_198' title='bbox 786 2999 824 3059; x_wconf 78' lang='lat' dir='ltr'><strong>tle</strong></span> <span class='ocrx_word' id='word_1_199' title='bbox 854 2999 1019 3060; x_wconf 87' lang='lat' dir='ltr'><strong>homicidii</strong></span> <span class='ocrx_word' id='word_1_200' title='bbox 1046 3001 1180 3063; x_wconf 79' lang='lat' dir='ltr'><strong>crimine</strong></span> <span class='ocrx_word' id='word_1_201' title='bbox 1203 3025 1266 3084; x_wconf 87' lang='lat' dir='ltr'><strong>pe·</strong></span> 
     </span>
     <span class='ocr_line' id='line_1_30' title="bbox 153 3083 1265 3170; baseline -0.003 -22"><span class='ocrx_word' id='word_1_202' title='bbox 153 3086 293 3148; x_wconf 88' lang='lat' dir='ltr'><strong>rieulosa</strong></span> <span class='ocrx_word' id='word_1_203' title='bbox 319 3088 371 3150; x_wconf 75' lang='lat' dir='ltr'><strong>vel</strong></span> <span class='ocrx_word' id='word_1_204' title='bbox 403 3086 531 3170; x_wconf 88' lang='lat' dir='ltr'><strong>capitali</strong></span> <span class='ocrx_word' id='word_1_205' title='bbox 560 3085 739 3146; x_wconf 86' lang='lat' dir='ltr'><strong>obiectione</strong></span> <span class='ocrx_word' id='word_1_206' title='bbox 773 3083 970 3164; x_wconf 80' lang='lat' dir='ltr'><strong>pulsaverit,</strong></span> <span class='ocrx_word' id='word_1_207' title='bbox 1002 3093 1061 3144; x_wconf 90' lang='lat' dir='ltr'><strong>etc.</strong></span> <span class='ocrx_word' id='word_1_208' title='bbox 1096 3098 1130 3142; x_wconf 89' lang='lat' dir='ltr'><strong>ut</strong></span> <span class='ocrx_word' id='word_1_209' title='bbox 1161 3107 1265 3169; x_wconf 83' lang='lat' dir='ltr'><strong>supra</strong></span> 
     </span>
    </p>
   </div>
   <div class='ocr_carea' id='block_1_14' title="bbox 151 3170 313 3254">
    <p class='ocr_par' dir='ltr' id='par_1_14' title="bbox 151 3170 313 3254">
     <span class='ocr_line' id='line_1_31' title="bbox 151 3170 313 3254; baseline -0.007 -1"><span class='ocrx_word' id='word_1_210' title='bbox 151 3191 225 3254; x_wconf 71' lang='lat' dir='ltr'><strong>rre-</strong></span> <span class='ocrx_word' id='word_1_211' title='bbox 218 3170 313 3252; x_wconf 74' lang='lat'><strong>..589</strong></span> 
     </span>
    </p>
   </div>
   <div class='ocr_carea' id='block_1_15' title="bbox 522 3275 886 3340">
    <p class='ocr_par' dir='ltr' id='par_1_15' title="bbox 522 3275 886 3340">
     <span class='ocr_line' id='line_1_32' title="bbox 522 3275 886 3340; baseline -0.003 0"><span class='ocrx_word' id='word_1_212' title='bbox 522 3275 642 3340; x_wconf 77' lang='lat' dir='ltr'><strong>Relatio</strong></span> <span class='ocrx_word' id='word_1_213' title='bbox 665 3301 733 3340; x_wconf 80' lang='lat' dir='ltr'><strong>cuns</strong></span> <span class='ocrx_word' id='word_1_214' title='bbox 758 3279 886 3340; x_wconf 79' lang='lat' dir='ltr'><strong>ruclrcio.</strong></span> 
     </span>
    </p>
   </div>
   <div class='ocr_carea' id='block_1_16' title="bbox 149 3395 1263 3647">
    <p class='ocr_par' dir='ltr' id='par_1_16' title="bbox 155 3395 1263 3647">
     <span class='ocr_line' id='line_1_33' title="bbox 237 3395 1263 3478; baseline -0.004 -16"><span class='ocrx_word' id='word_1_215' title='bbox 237 3400 351 3462; x_wconf 82' lang='lat' dir='ltr'><strong>cxlx.</strong></span> <span class='ocrx_word' id='word_1_216' title='bbox 392 3395 588 3458; x_wconf 79' lang='lat' dir='ltr'><strong>Auctoritate</strong></span> <span class='ocrx_word' id='word_1_217' title='bbox 610 3395 703 3478; x_wconf 80' lang='lat' dir='ltr'><strong>Legis</strong></span> <span class='ocrx_word' id='word_1_218' title='bbox 724 3404 930 3478; x_wconf 89' lang='lat' dir='ltr'><strong>praeceptum</strong></span> <span class='ocrx_word' id='word_1_219' title='bbox 951 3406 998 3456; x_wconf 89' lang='lat' dir='ltr'><strong>est</strong></span> <span class='ocrx_word' id='word_1_220' title='bbox 1018 3407 1053 3457; x_wconf 88' lang='lat' dir='ltr'><strong>nt</strong></span> <span class='ocrx_word' id='word_1_221' title='bbox 1073 3397 1105 3456; x_wconf 91' lang='lat' dir='ltr'><strong>in</strong></span> <span class='ocrx_word' id='word_1_222' title='bbox 1133 3407 1200 3458; x_wconf 89' lang='lat' dir='ltr'><strong>toto</strong></span> <span class='ocrx_word' id='word_1_223' title='bbox 1221 3399 1263 3458; x_wconf 94' lang='lat' dir='ltr'><strong>li-</strong></span> 
     </span>
     <span class='ocr_line' id='line_1_34' title="bbox 155 3479 1261 3576; baseline -0.003 -33"><span class='ocrx_word' id='word_1_224' title='bbox 155 3483 195 3543; x_wconf 90' lang='lat' dir='ltr'><strong>tis</strong></span> <span class='ocrx_word' id='word_1_225' title='bbox 218 3483 355 3543; x_wconf 87' lang='lat' dir='ltr'><strong>termino</strong></span> <span class='ocrx_word' id='word_1_226' title='bbox 377 3481 562 3576; x_wconf 87' lang='lat' dir='ltr'><strong>requiratur</strong></span> <span class='ocrx_word' id='word_1_227' title='bbox 585 3501 641 3560; x_wconf 80' lang='lat' dir='ltr'><strong>per</strong></span> <span class='ocrx_word' id='word_1_228' title='bbox 662 3501 758 3559; x_wconf 85' lang='lat' dir='ltr'><strong>quom</strong></span> <span class='ocrx_word' id='word_1_229' title='bbox 787 3488 854 3538; x_wconf 88' lang='lat' dir='ltr'><strong>orta</strong></span> <span class='ocrx_word' id='word_1_230' title='bbox 883 3489 931 3538; x_wconf 86' lang='lat' dir='ltr'><strong>est</strong></span> <span class='ocrx_word' id='word_1_231' title='bbox 957 3479 1137 3566; x_wconf 85' lang='lat' dir='ltr'><strong>contentio,</strong></span> <span class='ocrx_word' id='word_1_232' title='bbox 1172 3489 1203 3540; x_wconf 90' lang='lat' dir='ltr'><strong>et</strong></span> <span class='ocrx_word' id='word_1_233' title='bbox 1232 3483 1261 3540; x_wconf 91' lang='lat' dir='ltr'><strong>si</strong></span> 
     </span>
     <span class='ocr_line' id='line_1_35' title="bbox 149 3557 1260 3647; baseline -0.002 -22.987"><span class='ocrx_word' id='word_1_234' title='bbox 149 3557 256 3626; x_wconf 89' lang='lat' dir='ltr'><strong>alium</strong></span> <span class='ocrx_word' id='word_1_235' title='bbox 288 3565 327 3626; x_wconf 88' lang='lat' dir='ltr'><strong>ad</strong></span> <span class='ocrx_word' id='word_1_236' title='bbox 364 3565 507 3647; x_wconf 83' lang='lat' dir='ltr'><strong>rapinam</strong></span> <span class='ocrx_word' id='word_1_237' title='bbox 544 3563 724 3623; x_wconf 81' lang='lat' dir='ltr'><strong>faciendam</strong></span> <span class='ocrx_word' id='word_1_238' title='bbox 757 3559 961 3643; x_wconf 83' lang='lat' dir='ltr'><strong>adgreditur,</strong></span> <span class='ocrx_word' id='word_1_239' title='bbox 991 3573 1050 3623; x_wconf 91' lang='lat' dir='ltr'><strong>etc.</strong></span> <span class='ocrx_word' id='word_1_240' title='bbox 1093 3575 1127 3622; x_wconf 86' lang='lat' dir='ltr'><strong>ut</strong></span> <span class='ocrx_word' id='word_1_241' title='bbox 1157 3584 1260 3646; x_wconf 85' lang='lat' dir='ltr'><strong>supra</strong></span> 
     </span>
    </p>
   </div>
   <div class='ocr_carea' id='block_1_17' title="bbox 153 3647 318 3748">
    <p class='ocr_par' dir='ltr' id='par_1_17' title="bbox 153 3647 318 3748">
     <span class='ocr_line' id='line_1_36' title="bbox 153 3647 318 3748; baseline -0.026 -17"><span class='ocrx_word' id='word_1_242' title='bbox 153 3667 227 3748; x_wconf 75' lang='lat' dir='ltr'><strong>res·</strong></span> <span class='ocrx_word' id='word_1_243' title='bbox 248 3647 318 3728; x_wconf 69' lang='lat'><strong>589</strong></span> 
     </span>
    </p>
   </div>
   <div class='ocr_carea' id='block_1_18' title="bbox 535 3739 866 3825">
    <p class='ocr_par' dir='ltr' id='par_1_18' title="bbox 535 3739 866 3825">
     <span class='ocr_line' id='line_1_37' title="bbox 535 3739 866 3825; baseline -0.003 -6"><span class='ocrx_word' id='word_1_244' title='bbox 535 3761 630 3819; x_wconf 79' lang='lat' dir='ltr'><strong>Breve</strong></span> <span class='ocrx_word' id='word_1_245' title='bbox 661 3739 866 3825; x_wconf 82' lang='lat' dir='ltr'><strong>Sacramenti.</strong></span> 
     </span>
    </p>
   </div>
   <div class='ocr_carea' id='block_1_19' title="bbox 110 3872 1261 4210">
    <p class='ocr_par' dir='ltr' id='par_1_19' title="bbox 110 3872 1261 4210">
     <span class='ocr_line' id='line_1_38' title="bbox 236 3872 1261 3954; baseline -0.005 -16"><span class='ocrx_word' id='word_1_246' title='bbox 236 3873 335 3938; x_wconf 77' lang='lat' dir='ltr'><strong>CXX.</strong></span> <span class='ocrx_word' id='word_1_247' title='bbox 377 3873 617 3942; x_wconf 45' lang='lat' dir='ltr'><strong>Sacramentum,</strong></span> <span class='ocrx_word' id='word_1_248' title='bbox 633 3873 773 3952; x_wconf 86' lang='lat' dir='ltr'><strong>qualiter</strong></span> <span class='ocrx_word' id='word_1_249' title='bbox 801 3873 958 3954; x_wconf 79' lang='lat' dir='ltr'><strong>ingressus</strong></span> <span class='ocrx_word' id='word_1_250' title='bbox 981 3883 1028 3933; x_wconf 88' lang='lat' dir='ltr'><strong>est</strong></span> <span class='ocrx_word' id='word_1_251' title='bbox 1056 3873 1112 3932; x_wconf 88' lang='lat' dir='ltr'><strong>ille</strong></span> <span class='ocrx_word' id='word_1_252' title='bbox 1141 3872 1173 3930; x_wconf 95' lang='lat' dir='ltr'><strong>in</strong></span> <span class='ocrx_word' id='word_1_253' title='bbox 1193 3873 1261 3933; x_wconf 89' lang='lat' dir='ltr'><strong>Ec·</strong></span> 
     </span>
     <span class='ocr_line' id='line_1_39' title="bbox 110 3955 1260 4038; baseline -0.005 -20"><span class='ocrx_word' id='word_1_254' title='bbox 110 3979 112 3984; x_wconf 78' lang='grc'>’</span> <span class='ocrx_word' id='word_1_255' title='bbox 156 3959 285 4020; x_wconf 83' lang='lat' dir='ltr'><strong>clesiam</strong></span> <span class='ocrx_word' id='word_1_256' title='bbox 315 3958 423 4020; x_wconf 85' lang='lat' dir='ltr'><strong>Sancti</strong></span> <span class='ocrx_word' id='word_1_257' title='bbox 453 3957 541 4017; x_wconf 92' lang='lat' dir='ltr'><strong>illius</strong></span> <span class='ocrx_word' id='word_1_258' title='bbox 571 3957 603 4015; x_wconf 92' lang='lat' dir='ltr'><strong>in</strong></span> <span class='ocrx_word' id='word_1_259' title='bbox 636 3956 707 4014; x_wconf 85' lang='lat' dir='ltr'><strong>loco</strong></span> <span class='ocrx_word' id='word_1_260' title='bbox 732 3966 916 4036; x_wconf 86' lang='lat' dir='ltr'><strong>nuncupato</strong></span> <span class='ocrx_word' id='word_1_261' title='bbox 946 3957 1002 4015; x_wconf 90' lang='lat' dir='ltr'><strong>illo</strong></span> <span class='ocrx_word' id='word_1_262' title='bbox 1028 3955 1085 4016; x_wconf 89' lang='lat' dir='ltr'><strong>sub</strong></span> <span class='ocrx_word' id='word_1_263' title='bbox 1108 3977 1260 4038; x_wconf 89' lang='lat' dir='ltr'><strong>praesen-</strong></span> 
     </span>
     <span class='ocr_line' id='line_1_40' title="bbox 155 4038 1260 4120; baseline 0.001 -22"><span class='ocrx_word' id='word_1_264' title='bbox 155 4042 199 4099; x_wconf 88' lang='lat' dir='ltr'><strong>tia</strong></span> <span class='ocrx_word' id='word_1_265' title='bbox 220 4042 307 4101; x_wconf 86' lang='lat' dir='ltr'><strong>illius</strong></span> <span class='ocrx_word' id='word_1_266' title='bbox 330 4039 447 4101; x_wconf 84' lang='lat' dir='ltr'><strong>ludicis</strong></span> <span class='ocrx_word' id='word_1_267' title='bbox 469 4039 522 4102; x_wconf 83' lang='lat' dir='ltr'><strong>vel</strong></span> <span class='ocrx_word' id='word_1_268' title='bbox 544 4039 701 4099; x_wconf 84' lang='lat' dir='ltr'><strong>bonorum</strong></span> <span class='ocrx_word' id='word_1_269' title='bbox 723 4038 866 4100; x_wconf 79' lang='lat' dir='ltr'><strong>uirorum</strong></span> <span class='ocrx_word' id='word_1_270' title='bbox 887 4038 942 4120; x_wconf 69' lang='lat' dir='ltr'><strong>(qui</strong></span> <span class='ocrx_word' id='word_1_271' title='bbox 972 4039 1080 4100; x_wconf 84' lang='lat' dir='ltr'><strong>subter</strong></span> <span class='ocrx_word' id='word_1_272' title='bbox 1100 4045 1260 4098; x_wconf 86' lang='lat' dir='ltr'><strong>tenentur</strong></span> 
     </span>
     <span class='ocr_line' id='line_1_41' title="bbox 157 4121 701 4210; baseline -0.009 -26"><span class='ocrx_word' id='word_1_273' title='bbox 157 4121 268 4184; x_wconf 88' lang='lat' dir='ltr'><strong>inserti</strong></span> <span class='ocrx_word' id='word_1_274' title='bbox 290 4137 349 4186; x_wconf 86' lang='lat' dir='ltr'><strong>etc.</strong></span> <span class='ocrx_word' id='word_1_275' title='bbox 370 4137 403 4186; x_wconf 85' lang='lat' dir='ltr'><strong>ut</strong></span> <span class='ocrx_word' id='word_1_276' title='bbox 424 4131 526 4210; x_wconf 80' lang='lat' dir='ltr'><strong>supra</strong></span> <span class='ocrx_word' id='word_1_277' title='bbox 537 4143 609 4204; x_wconf 76' lang='lat' dir='ltr'><strong>pag.</strong></span> <span class='ocrx_word' id='word_1_278' title='bbox 633 4123 701 4202; x_wconf 74' lang='lat'><strong>590.</strong></span> 
     </span>
    </p>
   </div>
   <div class='ocr_carea' id='block_1_20' title="bbox 0 0 1372 4983">
    <p class='ocr_par' dir='ltr' id='par_1_20' title="bbox 0 0 1372 4983">
     <span class='ocr_line' id='line_1_42' title="bbox 0 0 1372 4983; baseline 0 0"><span class='ocrx_word' id='word_1_279' title='bbox 0 0 1372 4983; x_wconf 95' lang='lat' dir='ltr'><strong> </strong></span> 
     </span>
    </p>
   </div>
  </div>
 </body>
</html>
