2734 4990
504 271 764 326 nnurnrnoon
1119 261 1195 336 ⁴¹³8

78 431 229 498 persona
242 401 390 494 praesens
407 419 631 494 testamentum
642 433 750 475 meum
772 412 949 496 intringere
972 425 1105 482 conatus
1120 422 1195 486 fue-

79 495 203 560 ritvel
218 501 342 556 tentare
358 496 617 576 praesumpserit,
634 495 793 577 inprimis,
813 496 1006 578 usquedum
1018 499 1059 561 ad
1083 524 1193 567 veram

80 574 348 640 emendationem
360 575 496 660 proinde
517 579 704 660 corrigatur,
719 579 824 636 Deum
845 586 877 638 et
892 579 1025 641 Sanctus
1039 603 1112 646 suos
1132 583 1192 647 ba·
1289 653 1295 658 ,

78 661 165 721 beat
181 658 364 736 contrarios,
386 667 419 719 et
444 659 462 716 d
482 657 649 720 liminibus
661 659 824 721 Ecclesiae
839 658 997 721 efficiatur
1009 676 1191 748 extraneus,

82 753 120 804 et
137 743 271 824 insuper
282 741 311 802 ei
323 762 420 823 quem
439 740 623 822 pulsaverit,
642 764 706 802 una
723 763 796 801 eum
808 743 894 804 socio
908 741 994 820 fisco,
1006 748 1077 809 auri
1094 748 1190 814 libras

82 821 172 889 tant.
193 833 317 884 coactus
341 823 503 899 exsolvat,
532 833 564 883 et
589 823 800 884 nihilominus
821 845 970 906 praesens
992 830 1108 911 pagina
1131 833 1189 894 fir.

82 929 139 967 ma
161 913 355 988 permaneat,
377 926 474 987 quam
498 925 596 966 manu
618 927 687 966 mea
710 905 840 988 propria
860 907 971 968 subter
992 907 1134 993 firmavi,
1156 924 1189 978 et

82 990 246 1068 bonorum
264 989 433 1048 hominum
453 986 551 1068 signis
575 989 625 1050 vel
649 987 893 1068 allegationibus
911 988 1123 1056 roborandam
1137 998 1190 1060 de.

83 1071 184 1149 crevi,
207 1070 414 1154 stipulatione
435 1069 589 1131 subnexa.
630 1070 755 1134 Actum.
795 1069 837 1132 Et
856 1071 993 1154 reliqua.

84 1179 183 1244 Gesta
203 1179 296 1241 iuxta
316 1176 802 1319 consuetudinerpllllomanorunr
811 1227 820 1256 ,
849 1180 985 1261 qualiter
1004 1193 1187 1247 testamenta

589 1272 723 1339 egeratur.

167 1361 324 1437 Lxx111.'
360 1370 453 1449 Anno
472 1365 531 1428 illo
552 1375 707 1449 regnante
737 1368 830 1450 Rege·
846 1367 924 1445 illo,
946 1365 1003 1430 sub
1028 1371 1081 1432 die
1113 1373 1186 1447 illo,

82 1453 119 1513 in
142 1452 272 1514 civi-tate
303 1451 379 1527 illa,
416 1451 558 1512 adstante
588 1450 658 1510 viro
686 1448 744 1510 illo
774 1449 931 1511 laudabili
958 1449 1127 1516 defensore
1154 1467 1188 1518 et

84 1537 195 1596 omnia
216 1535 314 1596 Curia
335 1533 482 1615 publica,
504 1531 553 1593 vir
573 1530 759 1614 magnificus
782 1531 837 1593 ille
866 1541 1052 1618 prosecutor
1073 1545 1132 1600 etc.
1153 1553 1187 1601 ut

83 1623 185 1702 supro
198 1637 277 1700 pag.
298 1616 370 1679 555.

489 1699 606 1761 Textm
635 1696 783 1762 mandati.

172 1812 310 1884 Domino
333 1811 499 1895 magnifico
521 1812 611 1872 fratri
632 1811 692 1890 illi,
715 1811 781 1877 ille.
822 1807 903 1876 P'eto
923 1823 956 1875 et
976 1813 1123 1910 supplico
1139 1825 1188 1877 at·

87 1917 154 1980 que
177 1907 248 1958 tuae
271 1895 392 1957 caritati
415 1897 569 1976 iniungo,
599 1894 685 1952 utin
707 1895 810 1956 vicem
838 1913 940 1957 menn
964 1907 1125 1959 civitatem
1147 1899 1189 1958 il-

86 1980 153 2040 lam
176 1979 280 2058 adeas,
304 1989 334 2040 et
355 1977 560 2038 donationem
577 1973 664 2036 illam
685 1997 779 2058 quam
801 1999 860 2059 ego
881 1980 1024 2059 partibus
1046 1979 1134 2041 illius
1148 1981 1187 2042 de

79 2062 166 2140 ‚locis
188 2061 303 2122 nostris
326 2058 515 2144 nuncupatis
538 2058 603 2120 illis
624 2058 692 2118 sitis
709 2059 746 2128 ¹in
767 2081 846 2143 pago
869 2061 926 2120 illo
946 2083 1005 2144 per
1025 2061 1190 2124 meumle·

84 2143 501 2227 gitimum-instrumentum
522 2140 720 2218 confirmavi,
738 2143 888 2223 prosequi
910 2151 943 2203 et
964 2146 1058 2224 gestis
1079 2145 1188 2205 muni-

85 2226 243 2308 cipalibus
266 2247 374 2300 eoram,
391 2226 489 2286 Curia
521 2224 651 2306 publica
672 2233 705 2282 et
729 2225 896 2285 defensore
926 2225 1023 2288 facias
1044 2226 1187 2309 allegari.

83 2309 263 2391 Propterea.
287 2307 347 2368 tibi
371 2308 432 2368 hoc
468 2306 651 2368 mandatum
673 2307 918 2388 conscripsimus
948 2316 1008 2370 eto.
1037 2322 1188 2392 utsupra

106 2415 155 2455 a.
185 2409 255 2461 222.
888 2437 891 2442 .

80 2412 105 2477 p
125 2413 146 2472 g
166 2473 243 2534 Post
262 2468 482 2546 recitationem
504 2470 642 2530 mandati
653 2481 664 2547 ,'
690 2469 741 2530 vir
770 2469 925 2534 honestus
951 2472 1008 2532 ille
1036 2472 1189 2535 defensor

85 2554 177 2616 dixit.
219 2553 405 2613 Mandatum
427 2552 557 2632 quidem
577 2553 746 2613 recitatum
768 2562 814 2612 est
827 2599 836 2629 ,
859 2554 915 2614 sed
938 2555 1189 2637 suprascriptum

85 2645 320 2713 testamentum,
343 2634 432 2716 quod
452 2656 527 2715 prae
549 2635 695 2695 manibus
716 2631 832 2694 habere
856 2635 956 2714 dicis,
985 2642 1187 2702 amanuensis

87 2718 231 2802 accipiat,
254 2726 285 2778 et
305 2719 397 2778 nobis
419 2717 638 2798 praesentibus
658 2719 821 2794 recitetur,
843 2727 875 2778 et
895 2729 931 2779 ut
951 2720 1092 2800 postulas
1117 2743 1188 2803 ges-

87 2799 127 2877 tis
147 2800 284 2883 publicis
304 2800 456 2860 firmetur.
500 2799 564 2874 Qui
586 2797 690 2859 statim
711 2799 880 2881 accipiens,
902 2822 961 2882 per
983 2802 1131 2863 ordinem
1146 2803 1188 2864 il-

89 2883 147 2944 lud
167 2881 320 2943 recitavit.
361 2883 438 2944 Post
460 2881 781 2946 recitationemvero
803 2879 859 2941 ille
883 2892 1069 2964 persecutor
1090 2884 1187 2951 dixit,

88 2965 175 3042 Quia
193 2963 363 3046 petitiones
384 2984 467 3038 meas
488 2963 690 3026 laudabilitas
708 2973 813 3023 vestra
832 2965 1057 3043 perordinem
1077 2966 1189 3047 imple·

86 3068 124 3108 re
147 3046 275 3128 dignata
296 3055 352 3122 est,
373 3067 450 3126 rogo
476 3055 510 3104 ut
535 3045 662 3127 publica
684 3051 890 3104 monumenta
911 3046 1090 3126 suscipiat.'
1126 3049 1188 3108 Vir

86 3129 258 3194 laudabilis
271 3127 335 3194 ,ille
367 3127 515 3188 defensor
536 3137 568 3187 et
588 3127 724 3188 curiales
745 3127 907 3185 dixerunt.
949 3127 1188 3190 Testamentum

84 3203 173 3294 'quod
204 3209 372 3274 recitatum
397 3218 444 3290 est
469 3209 561 3290 gestis
590 3208 727 3291 publicis
744 3207 914 3266 inseratur
944 3217 976 3267 et
1009 3209 1098 3289 quod
1127 3212 1188 3274 ille

85 3305 273 3377 persecutor
291 3293 371 3354 volit
391 3301 423 3353 et
442 3291 534 3373 petit,
556 3298 640 3372 gesta
662 3291 691 3350 ei
713 3287 840 3372 publice
863 3289 987 3354 deutur.
1029 3289 1092 3352 llle
1111 3315 1189 3375 per·

86 3385 212 3439 secutor
233 3375 324 3437 dixit.
365 3373 492 3435 Sufficit
522 3373 703 3432 mihiborie
726 3372 897 3448 (latonam,
934 3373 960 3434 si
992 3376 1186 3452 testamenti,

86 3459 173 3541 quod
193 3458 362 3519 recitatum
375 3466 432 3535 est,
454 3454 533 3515 mihi
555 3463 651 3536 gesta,
674 3463 709 3512 ut
727 3475 793 3514 mos
812 3461 869 3531 est,
892 3455 1018 3516 tradere
1041 3455 1187 3523 iubeatis.

85 3542 245 3604 Defensor
270 3539 408 3606 et'ordo
438 3536 555 3598 Curiae
585 3535 743 3596 dixerunt.
793 3536 878 3613 Quia
909 3547 1133 3599 testamentum
1156 3550 1188 3601 et

86 3623 268 3684 mandatnm
288 3622 363 3682 inde
391 3619 607 3700 conscriptum
634 3618 859 3698 perordinem
888 3621 1053 3680 conditum
1075 3631 1108 3682 et
1126 3623 1187 3684 bo-

88 3725 201 3766 norum
221 3704 389 3766 hominnm
409 3701 555 3762 manibus
583 3699 765 3760 roboratum
786 3710 881 3781 atque
903 3701 1062 3782 signatum
1083 3707 1186 3765 mani.

68 3779 164 3848 ,fe'ste
186 3787 401 3870 cognovimus,
424 3804 562 3864 aequum
583 3792 630 3842 est
652 3790 685 3855 ut
705 3793 789 3864 gesta
812 3804 851 3841 ex
873 3781 934 3844 hoc
958 3787 1139 3868 conscripta
1154 3799 1191 3854 et

87 3871 104 3929 b
127 3870 216 3930 nobis
236 3869 413 3950 subscripta
435 3865 494 3926 tibi
518 3885 558 3925 ex
575 3885 662 3924 more
685 3865 861 3939 tradantur,
883 3873 914 3925 et
934 3865 966 3922 in
992 3865 1109 3929 archiis
1130 3890 1187 3950 pu·

86 3951 176 4012 blicis
197 3958 383 4028 serventur,
417 3959 453 4009 ut
472 3947 619 4023 facilius,
648 3947 735 4027 quod
763 3945 909 4026 superins
932 3946 1086 4007 insertum
1118 3957 1186 4027 est,

77 4033 237 4096 ,diuturno
259 4041 401 4116 tempore
430 4039 556 4092 maneat
581 4029 818 4090 inconvulsum.
858 4027 982 4100 Edatur
1010 4028 1123 4090 ordine
1156 4043 1188 4092 et

78 4113 267 4180 ‚mandatum
281 4123 313 4178 et
340 4114 424 4174 totus
445 4111 626 4188 testamenti
641 4119 746 4170 textus
757 4151 768 4180 ,
792 4116 825 4166 et
845 4115 953 4188 postea
975 4109 1126 4170 defensor
1154 4125 1187 4176 et
1284 4175 1286 4180 ,

88 4198 229 4262 Curiules
251 4189 374 4264 civium
404 4205 435 4257 et
462 4193 585 4276 reliqui
616 4187 819 4254 subscribant
855 4199 950 4269 atqua
974 4191 1116 4274 signent.

841 4375 847 4386 .
901 4299 949 4380 28
