2676 4976
196 259 269 339 518
657 279 848 335 ronuumr.

192 433 263 508 set,
305 422 346 488 Se
371 419 432 486 ltoc
456 420 561 516 iacere
582 428 703 520 potest,
726 417 838 485 diebus
858 419 940 483 vitas
958 439 1041 518 ⁸satae
1060 417 1097 483 dc
1119 419 1176 504 ipsa
1190 442 1258 486 causa

194 527 326 570 securus
345 513 543 588 permaneat:
566 523 616 566 nn
632 513 819 566 autemnon
839 511 998 591 potuerrt,
1022 522 1054 566 ao
1070 506 1259 586 quantumin

193 595 333 674 praestat
351 589 413 654 hoe
430 584 600 650 emendare
618 585 759 650 stodeat.

407 717 526 801 Incipit
545 715 661 778 notitia
678 713 724 775 ad
735 715 919 800 supradicto
941 713 1081 777 iudicio.

231 828 352 893 Notitia
374 828 585 904 sacramenti,
609 827 750 909 qualiter
776 828 828 889 vel
857 828 975 910 quibus
1002 829 1206 910 praesentibus
1224 833 1259 893 ad·

193 921 286 976 erant
305 914 338 973 iu
362 912 431 998 ipso
450 911 502 973 die
522 910 684 972 Kalendas
707 910 835 972 Martias
861 911 1024 993 ingressus
1041 922 1089 972 cst
1101 911 1199 991 homo,
1217 937 1259 976 ao-

192 1015 266 1056 men
284 994 355 1072 illi,
378 995 411 1055 in
433 993 567 1056 ecclesia
589 993 716 1056 seniore
741 994 840 1056 sancti
864 993 929 1054 loci
945 991 1124 1056 Andecavis
1145 996 1258 1072 civitate,

192 1077 371 1140 secundum
392 1077 480 1158 quod
502 1074 637 1138 indicias
661 1097 734 1137 snos
755 1075 917 1159 loquitur,
944 1075 1030 1158 apud
1055 1076 1190 1140 homines
1208 1081 1259 1143 llll.

190 1180 285 1221 mano
308 1182 364 1222 sua
382 1157 734 1223 Xlll.iu1·atusdixit.
774 1161 837 1220 Per
860 1157 948 1219 hune
972 1157 1045 1218 loco
1068 1167 1170 1221 saneto
1188 1169 1212 1221 et
1224 1161 1259 1220 di-

191 1242 268 1308 vina
287 1242 395 1302 omnia
417 1249 601 1303 sanctorum
619 1239 813 1322 patrocinia,
834 1239 892 1324 qui
910 1239 965 1300 hic
982 1241 1197 1321 requiescunt,
1215 1265 1258 1302 un-

192 1325 231 1387 dc
252 1324 334 1384 mihi
357 1323 482 1405 aliquid
504 1323 651 1384 homenis
676 1321 726 1382 illi
747 1333 779 1386 et
805 1345 975 1406 germanus
998 1343 1073 1384 suos
1093 1322 1139 1383 illi
1159 1335 1257 1405 reputa-

126 1431 132 1438 ·
189 1415 327 1479 verunt,
350 1406 438 1490 quod
459 1414 593 1488 parente
621 1425 732 1466 eorum
758 1406 815 1466 illo
842 1404 1005 1487 quondam
1031 1404 1205 1468 interficisse
1223 1417 1259 1465 aut

192 1489 375 1551 interficere
394 1508 538 1571 rogasse;
566 1487 671 1570 ipsum
690 1509 755 1548 non
784 1487 900 1564 occisi,
931 1508 992 1548 nec
1013 1487 1156 1549 occidere
1178 1491 1257 1571 rogavi

191 1589 253 1632 nec
280 1570 471 1648 consciens,
498 1591 559 1631 nee
587 1578 820 1632 consentaneus
848 1569 888 1628 ad
912 1580 1013 1631 morte
1039 1592 1096 1630 sua
1120 1591 1258 1652 numquam

189 1652 252 1731 tui,
273 1675 333 1714 nec
354 1652 436 1713 illud
460 1653 499 1714 de
519 1653 579 1712 hac
597 1673 690 1713 causa
711 1674 776 1712 non
795 1650 927 1715 redebio
943 1651 1005 1712 nisi
1026 1650 1087 1716 isto
1103 1651 1206 1714 edonio
1224 1674 1257 1712 sa-

190 1745 371 1812 cramento,
393 1756 490 1817 quem
505 1734 680 1796 iudicatum
696 1734 809 1814 habui,
826 1734 952 1816 legibus
965 1733 1121 1795 transivi.
1156 1734 1193 1814 ld
1206 1743 1257 1796 sunt

190 1818 279 1899 quod
308 1818 348 1879 de
372 1827 539 1900 praesente
575 1819 729 1894 fuerunt,
763 1829 795 1878 et
826 1818 915 1878 hunc
943 1825 1170 1888 sacramentum
1192 1817 1257 1876 audi-

190 1911 304 1980 erunt,
334 1908 366 1960 et
393 1898 481 1961 hune
513 1899 660 1960 notitiam
688 1921 801 1962 manus
828 1919 940 1961 eorum
966 1898 1079 1960 subter
1105 1899 1256 1962 adfirmare-

189 1991 287 2046 runt.
325 1981 421 2048 Facta
446 1980 569 2043 notitia.

581 2109 698 2192 Incipit
718 2106 891 2170 mandatus.

272 2228 307 2294 L.
322 2226 461 2288 Domino
477 2223 570 2285 fratri
587 2222 662 2301 illo,
684 2245 744 2306 ego
771 2224 831 2284 illi.
856 2225 1039 2308 Negociens
1060 2244 1151 2306 rogo,
1171 2243 1256 2306 preco,

189 2319 286 2391 atque
308 2308 463 2390 suppleco
485 2327 543 2388 per
565 2305 653 2366 hunc
675 2307 857 2368 mandatum
881 2312 921 2369 ad
949 2308 1055 2368 vicem
1079 2315 1173 2367 meam
1191 2327 1257 2367 seno

189 2413 279 2467 meo,
302 2412 419 2451 nornen
441 2390 515 2465 illo,
538 2388 667 2449 natione
689 2390 829 2472 gentile:
858 2411 956 2471 quem
972 2389 1053 2450 mihi
1073 2389 1210 2472 confugio
1224 2389 1257 2445 le·

190 2473 306 2534 citubi
334 2471 454 2547 stubi,
484 2491 557 2530 cum
584 2471 651 2552 ipso
678 2472 827 2532 invenire
851 2474 1014 2554 potueris,
1042 2481 1106 2532 tam
1130 2472 1161 2530 in
1185 2490 1257 2552 pago,

188 2577 285 2636 quam
308 2555 339 2613 in
364 2551 500 2636 palatio,
529 2573 586 2612 scu
612 2552 644 2611 in
674 2553 817 2636 qualibet
836 2555 939 2636 patria
963 2554 1113 2616 invenire
1131 2563 1258 2636 potueras,

189 2636 345 2719 quicquid
371 2634 489 2694 exinde
515 2636 554 2694 ad
577 2635 678 2696 vicem
706 2657 806 2697 meam
830 2658 1025 2718 prosequere
1049 2644 1082 2697 et
1104 2652 1258 2706 excausare,

190 2718 243 2780 sel
263 2717 437 2778 admallare
459 2737 517 2778 eas
535 2719 658 2780 iaceas:
688 2728 721 2779 et
740 2717 897 2800 quicquid
919 2741 978 2800 per
998 2717 1088 2778 hunc
1109 2720 1259 2778 mandatum

187 2799 309 2882 egeris,
331 2798 464 2878 leceris,
495 2803 686 2880 gesserisve,
709 2803 828 2863 etenim
858 2822 907 2861 me
933 2799 1118 2860 habiturum
1144 2822 1201 2862 esse
1224 2819 1259 2858 eo·

146 2941 149 2956 ,
189 2903 309 2968 gnusce
330 2891 455 2949 ratum.
496 2882 680 2944 Mandatum
701 2882 880 2945 Andecavis
904 2882 1050 2949 civitate.

574 3017 695 3099 Incipit
713 3014 888 3076 maestiores·

268 3129 321 3191 LI.
341 3130 481 3191 Domino
501 3130 672 3212 magnifico
694 3129 770 3208 illo,
798 3152 857 3213 ego
882 3129 942 3193 illi.
980 3133 1070 3216 Rogo
1098 3139 1185 3213 atque
1205 3149 1259 3209 snp-

186 3211 282 3294 pleco
299 3224 403 3274 vestra
427 3222 564 3274 caretate
585 3234 644 3294 per
663 3212 751 3272 hunc
772 3215 974 3295 mandatum,
999 3225 1034 3276 ut
1056 3235 1162 3274 omnes
1180 3230 1261 3272 cernas

182 3313 273 3354 meas
298 3293 332 3354 in
356 3317 436 3378 pago
457 3295 514 3355 illo
536 3294 576 3355 ad
597 3294 700 3356 ricem
717 3315 818 3355 meam
834 3317 1030 3380 prosequere
1046 3297 1099 3358 vel
1121 3294 1260 3356 admallare

186 3375 302 3454 facias,
323 3386 385 3436 tam
404 3379 556 3459 lapago,
579 3397 675 3458 quam
697 3385 730 3437 et
750 3377 796 3452 (si
818 3382 987 3442 necessitas
1010 3379 1125 3456 fuerit)
1148 3378 1183 3439 ad
1194 3373 1261 3458 pala-

189 3459 256 3536 cio,
278 3460 328 3520 vel
347 3459 403 3519 ubi
423 3459 512 3519 locus
534 3480 693 3540 congruus
713 3459 827 3530 fuerit;
851 3471 884 3521 et
902 3459 1060 3545 quicquid
1080 3459 1189 3522 exinde
1207 3475 1261 3535 ege-

185 3539 250 3615 ris,
281 3542 398 3602 feceris
425 3541 619 3622 gesserisve,
648 3541 766 3603 etenim
792 3564 842 3603 me
873 3542 905 3603 in
932 3543 1089 3606 omnibus.
1105 3536 1261 3601 habitaturis

187 3622 245 3682 tibi
263 3624 338 3683 essit
359 3630 533 3704 cognatseat
552 3633 675 3700 ratum,
698 3644 793 3704 quam
816 3626 954 3707 gestibus
975 3627 1146 3687 oblecatus.
1192 3623 1262 3681 Elui

187 3703 307 3766 certius
332 3707 498 3780 credatur,
531 3725 625 3766 mano
647 3726 715 3765 mea
740 3705 849 3768 subter
874 3709 1017 3785 firmavi,
1047 3716 1081 3766 et
1104 3721 1261 3787 magnorum

185 3807 332 3848 meorum
348 3786 508 3850 subterius
525 3786 653 3849 decrevi
673 3787 853 3856 adfirmare.
895 3793 1011 3854 Datum
1026 3787 1198 3850 mandatum
1211 3787 1260 3845 aa·

187 3870 315 3933 decanis
333 3869 480 3934 civitate.

607 4007 724 4089 Incr'pic
742 4009 871 4073 sectilia.

267 4114 339 4177 Lll.
366 4117 491 4178 Noticia
522 4117 662 4201 qualiter
689 4121 822 4181 veniens
851 4121 906 4184 ille
935 4124 1114 4190 Andecavis
1137 4125 1257 4192 civitate,

179 4196 238 4259 die
262 4198 336 4276 illo,
355 4200 393 4264 ‚in
411 4201 567 4282 regionis,
593 4202 679 4285 quod
700 4201 766 4264 licit
783 4207 898 4270 mensis
917 4208 964 4269 illi
986 4210 1054 4274 dies
1072 4219 1185 4287 tantus,
1204 4206 1257 4288 pla·
