2734 4990
163 281 238 360 452
627 289 818 346 rosunum

463 431 584 494 Notitiu
614 433 653 494 de
675 433 798 494 homine
821 430 976 498 mortudo.

248 547 347 618 CLX.
389 547 506 610 Notitio
527 547 668 631 qualiter
686 559 718 610 et
743 549 861 630 quibus
885 547 1107 633 praesentibus
1138 548 1278 612 veniens

156 640 266 702 ‘homo
294 633 411 714 aliquis
439 653 523 690 nom.
558 632 603 692 ill.
638 632 670 692 in
698 653 779 715 pago
810 633 887 710 illo,
913 632 946 691 in
970 631 1043 692 loeo
1069 631 1125 712 qui
1153 631 1279 694 dicitur

167 723 225 786 ille
259 717 292 777 iu
322 715 420 778 mallo
442 713 592 797 publico,
619 724 692 776 ante
722 714 826 798 ipsum
855 713 1012 778 Comitem
1034 723 1092 775 ete.
1122 727 1281 801 utsupra

165 823 236 889 pag.
267 799 337 864 558.

559 903 683 965 Notitia
707 903 878 993 deservo.

252 1018 364 1084 CLIII.
404 1017 523 1079 Notitiu
543 1018 684 1102 qualiter
707 1027 739 1078 et
762 1019 879 1100 quihus
898 1021 1120 1104 praesentibus
1137 1019 1281 1081 veniens

169 1107 266 1170 homo
288 1100 406 1184 uliquis
433 1102 563 1160 nomine
584 1101 639 1161 ille
663 1101 695 1161 in
719 1123 800 1184 pugo
826 1103 896 1180 illo,
923 1104 955 1162 iu
984 1104 1056 1167 loco
1074 1102 1130 1184 qui
1155 1104 1281 1164 dicitur

168 1190 237 1268 ille,
260 1183 368 1250 seuin
388 1183 536 1244 mercado
560 1190 619 1247 etc.
642 1197 675 1245 ut
699 1204 795 1268 supro
824 1205 895 1268 pag.
918 1185 988 1251 555.
1042 1211 1046 1218 ·

341 1321 464 1383 Netteia
491 1320 644 1384 deservo
666 1343 756 1404 quem
777 1322 905 1384 colonus
927 1339 1097 1408 comparat.

255 1431 390 1502 CLXII,
430 1427 550 1524 Notitio
572 1429 712 1524 qualiter
738 1429 792 1491 rel
824 1429 941 1512 quibus
960 1421 1193 1513 ¹promentibus
1228 1460 1280 1500 ve·

172 1527 267 1590 niens
295 1513 485 1602 magnificus
511 1531 562 1572 vir
582 1513 638 1572 ule
661 1511 713 1571 die
736 1512 794 1572 illo
816 1510 849 1571 in
879 1513 935 1573 illo
960 1512 1090 1577 civitate
1115 1517 1148 1578 in
1177 1523 1278 1582 mallo

170 1606 302 1694 publico
328 1610 402 1662 aute
429 1595 588 1657 illustrem
609 1594 713 1656 virum
740 1593 834 1654 illum
857 1595 1015 1658 Comitem
1039 1606 1098 1662 eto.
1125 1612 1279 1686 utsupra

168 1711 241 1780 pag.
266 1684 336 1766 546.

544 1783 667 1848 Notitta
688 1783 728 1846 de
757 1783 918 1848 colonitio.

256 1906 405 1974 CLXIII.
445 1900 567 1966 Notitis
594 1897 745 1983 qualiter·
766 1910 797 1962 et
819 1901 936 1982 quibus
966 1907 1188 1984 praesentibus
1223 1931 1280 1971 ve-

173 1995 267 2058 niens
290 1992 386 2052 homo
406 1986 524 2070 aliquis
551 1982 685 2078 nomine
703 1983 759 2046 ille
784 1984 817 2044 in
845 2007 933 2080 pugo·
947 1984 1007 2047 illo
1028 1986 1062 2047 in
1096 1991 1196 2051 mallo
1219 2015 1279 2074 pn-

171 2079 363 2248 ἲὲίἑοὸἓιὲο
393 2069 501 2135 uirum
524 2067 572 2132 ill.
596 2067 755 2127 Comitem
789 2066 842 2130 vel
874 2067 1017 2149 reliquos
1045 2080 1110 2138 etc..
1126 2087 1160 2133 ut
1182 2095 1280 2157 supra

452 2254 576 2319 Notitia
601 2251 640 2314 de
665 2253 776 2316 colono
801 2255 991 2318 evindicato.

257 2373 404 2440 CLXIV.
445 2370 593 2432 Veniens
623 2367 721 2432 homo
752 2370 869 2453 aliquis
902 2395 986 2440 nom.
1017 2375 1065 2440 ill.
1093 2376 1281 2440 Advocatns

176 2462 224 2526 ill.
252 2459 292 2521 de
315 2454 511 2519 Monoster'io
534 2453 644 2514 Sancti
669 2453 759 2515 illius
784 2453 834 2514 vel
867 2453 955 2518 illius
982 2457 1111 2520 Abbatis
1140 2461 1181 2521 de
1212 2461 1282 2544 ipso

176 2539 372 2608 Monosterio
396 2538 448 2599 die
478 2535 536 2597 illo
562 2535 595 2595 in
622 2535 720 2596 mallo
742 2535 874 2618 publico
903 2545 977 2608 oute
1001 2539 1160 2604 illustrem
1186 2543 1283 2605 illum

175 2627 282 2692 virum
303 2621 399 2684 illum
419 2618 578 2682 Comitem
605 2625 665 2680 eto.
692 2630 726 2678 ut
753 2638 848 2704 supra
869 2642 941 2706 pag.
965 2623 1037 2699 545.

421 2761 496 2822 Atia
521 2749 636 2822 notitia
657 2755 697 2820 de
716 2760 829 2822 colono
853 2762 1042 2830 evindicato.

260 2878 390 2946 CLXV.
431 2873 550 2938 Notius
580 2873 721 2955 qualiter
745 2874 798 2935 rel
828 2874 946 2956 quibus
974 2877 1197 2960 praesentibus
1228 2903 1288 2941 ve·

179 2965 273 3028 niens
294 2965 391 3026 homo
417 2956 533 3040 aliquis
557 2955 687 3016 nomine
718 2955 774 3017 ille
795 2956 979 3019 Adi-ocutus
999 2961 1107 3022 Sancti
1131 2962 1224 3022 illins
1248 2965 1288 3024 de

178 3046 374 3111 Monosterio
399 3041 457 3103 illo
486 3047 518 3100 et
543 3039 633 3099 illius
661 3037 791 3100 Abbatis
818 3038 851 3097 iu
886 3040 1014 3104 civitate
1037 3042 1095 3103 illa
1122 3044 1156 3103 in
1185 3049 1288 3106 mallo

177 3131 310 3214 publico
340 3137 413 3188 aute
436 3121 597 3184 illustrem
624 3121 731 3182 virum
767 3121 862 3180 illum
890 3122 1047 3185 Comitem
1076 3133 1134 3186 etc.
1167 3142 1201 3189 ut
1235 3152 1288 3190 su-

28 3216 31 3222 “
134 3235 136 3240 ·
175 3232 238 3298 pra
256 3232 330 3298 pag.
352 3210 423 3286 545.

608 3310 850 3377 Sacramentale.

263 3433 412 3500 CLXVI.
455 3427 603 3491 Veniens
630 3425 811 3488 Advocatus
834 3426 945 3488 Sancti
976 3427 1064 3491 illius
1090 3429 1131 3493 do
1157 3431 1291 3494 Monos-

178 3520 263 3586 te1·io
285 3519 355 3598 illo,
378 3535 436 3578 seu
450 3524 483 3576 et
501 3511 589 3572 illius
604 3508 734 3570 Abbatis
757 3509 796 3570 de
817 3509 982 3590 praedicto
1000 3513 1196 3578 Monesterio
1217 3515 1291 3593 illo,

179 3604 219 3681 in
239 3601 337 3663 mallo
362 3597 494 3683 publico
512 3600 586 3655 unte
606 3591 776 3652 inlustrem
802 3592 909 3656 virum
931 3593 1024 3654 illum
1045 3597 1202 3658 Comitem
1229 3609 1291 3662 etc.

181 3697 218 3748 ut
237 3703 333 3769 supra
349 3701 422 3765 pag.
443 3679 513 3756 545.

426 3792 585 3856 Iudicium
610 3788 847 3852 evindicationem
865 3790 910 3880 'de
935 3793 1058 3858 colono.

267 3907 434 3978 CLXVII.
477 3909 559 3968 Cum
580 3903 774 3966 resedissent
790 3906 1057 3969 venerabilisille
1080 3905 1168 3968 Abba
1191 3917 1227 3968 et
1246 3910 1296 3970 in·

183 4001 288 4063 Ineter
309 3995 361 4059 vir
388 3985 446 4074 ille
472 3991 506 4051 in
535 3987 613 4051 villa
641 3985 698 4048 illa
726 3986 758 4046 in
788 4009 870 4072 pago
896 3989 973 4065 illo,
1003 3989 1058 4052 ubi
1088 3989 1144 4052 itte
1173 3987 1296 4054 Comes

185 4102 254 4160 esse
273 4077 413 4154 videtur,
441 4095 501 4158 per
524 4069 699 4134 iussionem
725 4071 844 4153 Domni
870 4079 902 4136 et
925 4073 1056 4156 gloriosi
1076 4071 1164 4136 illius
1193 4075 1296 4160 Regis

186 4173 247 4231 eto.
267 4173 417 4246 utsupra
434 4177 506 4243 pag.
528 4153 598 4234 544.
