2734 4990
135 313 209 391 aot
532 291 534 296 ⁵
600 324 817 379 rotinense·

140 472 299 559 cipiisbis
319 469 501 533 nominibus
518 467 582 528 illis
597 469 637 528 et'
649 466 725 539 illis,
742 473 779 524 nt
796 462 946 546 perhanc
963 461 1129 546 epistolam
1143 462 1239 524 dona-

137 558 235 622 tionis
254 555 306 616 vel
328 551 568 615 deliberationis
582 559 707 610 nostrae
726 567 824 608 manu
850 568 920 606 mea
941 549 993 606 vel
1010 548 1169 606 bonorum
1183 545 1240 605 lio·

138 641 263 703 minum
280 639 444 712 firmatam,
467 644 502 696 ut
524 632 669 714 quandiu
684 629 805 690 advivis
826 638 892 687 tam
916 628 1038 710 tuipse
1060 649 1154 710 qnam
1179 626 1239 688 he-

138 723 257 786 reditas
284 732 356 798 tua,
386 727 498 778 contra
522 726 594 776 tuos
622 734 788 798 germanos
809 720 841 772 et
866 731 1030 791 germanas
1056 710 1167 792 quieto
1192 730 1240 769 or·

139 806 216 868 dine
228 803 369 886 elitigato
383 801 489 861 valeas
502 797 664 881 possidere
679 795 730 856 vel
752 793 926 857 dominare.
969 793 1141 874 Propterea
1155 787 1240 852 hanc

138 888 304 973 epistolam
328 883 506 944 traditionis
535 880 589 941 vel
618 877 858 939 deliberationis
883 884 1009 935 nostrae
1042 897 1139 933 manu
1169 895 1240 934 mea

140 973 294 1031 firmatam
325 965 442 1027 exinde
471 963 529 1023 tibi
561 961 631 1021 fieri
656 961 710 1022 vel
740 956 942 1018 conscribere
973 958 1107 1037 rogavi,
1140 959 1238 1018 atde

138 1047 299 1136 praesenti
321 1049 372 1109 die
396 1047 436 1107 de
455 1045 524 1128 ipso
550 1064 669 1117 manso,
695 1042 745 1101 vel
773 1037 929 1120 quicquid
948 1039 987 1098 ad
1013 1041 1116 1120 ipsum
1147 1061 1239 1098 man-

139 1159 210 1196 sum
232 1133 363 1219 aspicit,
386 1139 418 1190 et
448 1129 515 1210 ipsa
531 1123 693 1206 'mancipia
716 1121 863 1205 superius
877 1121 1082 1182 denominata
1102 1123 1163 1182 hoc
1181 1121 1238 1182 ha-

137 1218 223 1297 beas,
246 1225 368 1292 teneas,
389 1221 485 1292 atque
511 1208 682 1293 possideas.
890 1211 892 1219 “

225 1345 463 1410 Concalcataria
482 1363 573 1425 priam
591 1341 696 1402 Albas
711 1337 796 1422 facit
816 1338 861 1399 ad
884 1340 1039 1401 hominem
1059 1361 1157 1405 saum.

222 1467 264 1530 X.
304 1465 374 1546 Ego
391 1462 430 1521 in
447 1460 507 1520 Dei
527 1457 667 1532 nomine,
689 1477 725 1516 ac
744 1455 771 1516 si
795 1463 954 1534 peccator,
976 1455 1167 1514 venerabilis
1189 1458 1239 1518 vir

139 1553 197 1613 ille
217 1549 321 1611 Abbas
347 1547 386 1606 de
408 1543 600 1604 monasterio
629 1547 739 1600 sancto
768 1537 837 1613 illc,
860 1538 948 1618 qaod
968 1546 1014 1598 est
1042 1538 1075 1596 in
1100 1561 1180 1620 pago
1203 1541 1240 1613 117

140 1637 173 1696 lo
203 1637 431 1694 constructum.
472 1627 558 1686 Dum
577 1632 609 1683 et
625 1621 771 1680 omnibus
794 1629 924 1679 nonest
951 1620 1148 1700 incognitum
1164 1644 1239 1702 qua·

139 1719 215 1777 liter
236 1715 320 1774 filius
345 1709 427 1773 servi
456 1705 557 1769 nostri
579 1704 709 1764 nomine
734 1703 790 1761 ille
812 1702 972 1782 quandam
993 1703 1143 1761 feminam
1168 1697 1239 1764 nos·

140 1810 220 1859 tram
246 1793 375 1857 nomine
395 1792 495 1866 illam,
513 1789 596 1848 bene
619 1787 810 1867 ingenuam,
833 1783 931 1841 filiam
952 1785 1040 1844 illius
1064 1787 1238 1864 quondam,

140 1893 250 1942 contra
271 1880 471 1938 voluntatem
494 1879 661 1952 parentum
689 1867 786 1949 ipsius
806 1865 944 1926 feminac
967 1867 1098 1927 sociavit
1118 1867 1177 1928 sibi
1200 1869 1239 1928 ad
1296 1923 1299 1928 ,

140 1960 338 2043 coniugium,
360 1955 416 2018 sed
438 1963 544 2038 postea
568 1949 643 2032 ipsis
669 1949 855 2031 parentibus
877 1949 1070 2030 complacuit
1096 1960 1126 2008 et
1149 1951 1239 2010 nobis

140 2059 177 2106 ut
204 2047 301 2112 talem
325 2038 492 2122 epistolam
516 2032 789 2094 conculcatoriam
808 2053 905 2089 manu
930 2040 1037 2090 nostra
1059 2033 1110 2092 vel
1134 2032 1152 2092 a
1173 2031 1239 2092 sra-

97 2189 100 2194 ,
141 2130 243 2190 tribus
273 2123 388 2186 nostris
421 2120 575 2178 firmatam
603 2115 663 2197 ipsi
687 2115 824 2175 feminae
860 2113 930 2173 lieri
956 2114 1008 2173 vel
1037 2113 1160 2175 firmare
1190 2137 1240 2174 ro-

140 2230 306 2295 geremus,
330 2214 372 2264 ‘ut
401 2203 441 2263 de
466 2201 534 2280 ipso
560 2197 717 2274 servitio,
746 2196 774 2256 si
805 2196 930 2276 agnatio
959 2195 1044 2256 inter
1071 2197 1154 2276 ipsos
1181 2220 1238 2277 ap-

140 2291 307 2377 paruerit,
337 2288 371 2348 in
395 2281 537 2346 ¹servitio
565 2280 696 2360 publico
728 2298 895 2356 nunquam
924 2277 988 2337 sint
1013 2278 1237 2360 coinquinati,

141 2377 197 2436 sed
218 2374 276 2436 sub
302 2372 429 2450 integra-
451 2363 648 2446 ingenuitate
674 2360 742 2422 dics
777 2381 889 2419 eorum
924 2359 1061 2419 debeant
1095 2383 1244 2442 perseve-

143 2478 241 2533 rare,
280 2450 353 2514 ideo
383 2469 495 2532 precor
521 2457 626 2528 atque·
644 2442 790 2526 supplico
810 2443 857 2501 ad
890 2463 1087 2503 successores
1118 2455 1241 2503 nostros

142 2540 196 2601 vel
218 2537 257 2598 ad
278 2540 383 2597 Deum
406 2531 553 2590 timentes
577 2527 722 2589 homines
745 2535 780 2584 ut
800 2523 968 2584 benefacta
990 2526 1241 2585 nostra'iubeant

143 2617 327 2682 conservari
359 2613 499 2695 qualiter
526 2610 591 2688 ipsi
620 2610 746 2670 vellent
774 2615 809 2665 ut
839 2605 871 2664 in
903 2609 1102 2686 postmodum
1130 2631 1243 2667 eorum

142 2707 225 2764 facta
251 2701 389 2761 debeant
411 2715 478 2762 esse
508 2691 647 2760 stabilia3
678 2701 710 2750 et
733 2710 790 2769 per
813 2689 971 2747 malorum
998 2687 1164 2748 bominum
1188 2691 1241 2747 in-

142 2785 345 2848 festationem
366 2777 498 2836 multam
521 2775 553 2832 in
581 2774 648 2855 ipsa
674 2772 807 2852 epistola
833 2771 1072 2830 conculcaturia
1098 2773 1166 2832 lieri
1189 2773 1241 2832 vel

144 2866 346 2930 conscribere
367 2859 566 2940 rogavimus,
596 2865 633 2914 ut
656 2855 681 2915 si
709 2852 831 2929 fuerit,
867 2853 954 2932 quod
975 2855 1062 2913 Deus
1088 2877 1152 2915 non
1173 2877 1243 2936 pcr-

143 2953 258 3025 mittat,
281 2955 430 3008 extranea
451 2961 522 3021 pars
542 2959 624 3019 quae
651 2937 730 2995 haec
754 2937 836 2995 facta
857 2945 960 2994 nostra
989 2935 1172 3018 infrangere
1190 2959 1243 2996 vo-

144 3032 261 3108 luerit,
294 3028 327 3088 in
350 3023 462 3107 primis
488 3022 568 3081 iram
593 3019 653 3080 Dei
678 3028 710 3077 et
731 3017 840 3076 Sancti
865 3017 952 3078 illios
969 3017 1124 3093 incorrat,
1152 3029 1183 3078 et
1202 3021 1241 3077 oh

142 3116 206 3175 hoc
226 3110 345 3174 solidos
362 3115 491 3168 centum
509 3103 651 3185 partibus
668 3101 767 3178 ipsius
786 3099 838 3158 cui
860 3098 939 3159 liaeo
959 3101 1041 3160 facta
1061 3110 1107 3164 cst
1125 3102 1242 3162 multae

146 3203 331 3280 componat,
355 3200 386 3251 et
410 3187 498 3271 quod
520 3185 637 3266 repetit
660 3181 826 3243 vindicare
850 3202 914 3242 nnn
937 3183 1050 3243 valeat.

314 3327 450 3389 Donatio
472 3341 564 3406 qaam
585 3321 677 3380 bomo
691 3315 776 3398 facit
797 3315 841 3376 acl
850 3301 962 3398 filiam
982 3337 1081 3380 snum,

228 3446 283 3506 xl,
325 3443 394 3522 Ego
427 3437 460 3495 in
486 3433 547 3494 Dei
579 3431 710 3491 nomine
744 3429 811 3489 ille.
861 3431 993 3490 Constat
1016 3452 1066 3490 me
1094 3430 1127 3490 in
1161 3455 1244 3492 amo·

145 3551 181 3591 rc
202 3525 333 3588 Domini
358 3519 458 3582 nostri
480 3519 552 3576 lesu
573 3513 702 3590 Christi,
724 3522 761 3571 ut
779 3512 904 3573 veniam
926 3512 1051 3572 delictis
1071 3515 1149 3575 meis
1170 3538 1246 3576 con-

146 3610 239 3692 sequi
270 3622 466 3673 mercamur,
493 3599 624 3656 donasse
653 3605 686 3654 et
713 3595 798 3654 dono
830 3595 1046 3674 donatumque
1074 3615 1141 3658 esse
1172 3599 1244 3657 volo

148 3695 187 3753 ad
210 3687 429 3752 dulcissimum
453 3680 554 3739 lilium
576 3699 681 3736 meum
706 3677 835 3735 nomine
861 3676 953 3734 illurn
974 3677 1096 3756 peciam
1119 3679 1157 3738 de
1183 3689 1246 3739 ter-

147 3799 183 3836 ra
201 3772 312 3832 arabili
342 3771 373 3826 in
394 3769 464 3826 loco
495 3761 548 3842 qni
572 3759 691 3818 dicitnr
715 3759 782 3836 itte,
805 3758 860 3838 esui
876 3769 923 3818 cst
944 3757 977 3817 in
1000 3781 1080 3839 pago
1103 3760 1173 3834 illo,
1186 3782 1246 3841 per

147 3859 219 3917 loca
246 3855 407 3933 designata
428 3845 479 3905 vel
506 3842 648 3917 circuita,
670 3843 703 3899 in
726 3861 761 3902 ea
784 3841 906 3900 ratione
920 3849 956 3897 ut
974 3851 1046 3919 post
1059 3841 1145 3902 hunc
1161 3845 1246 3902 diem

149 3937 333 3999 iamdictus
359 3930 476 3990 filiolus
502 3946 609 3998 meos,
644 3923 695 3983 cui
719 3922 851 4001 epistola
874 3922 1058 3990 donationis
1081 3927 1138 3984 ista
1165 3926 1246 4006 legi-

147 4026 206 4084 bus
233 4021 312 4076 facta
334 4016 406 4089 fuit,
428 4013 526 4091 ipsam
545 4017 660 4064 terram
683 4004 803 4076 lrabeat,
828 4013 945 4079 teneat,
964 4013 1058 4082 atque
1076 4007 1245 4087 possideat,

148 4107 197 4164 vol
225 4099 378 4183 quioquid
403 4091 519 4154 exinde
543 4090 648 4146 faeere
677 4086 833 4163 voluerit,
859 4088 991 4146 liberam
1020 4085 1053 4142 in
1080 4089 1245 4165 omnibus,

149 4187 276 4252 Christe
306 4177 456 4264 propitio,
488 4171 600 4232 lrabeat
624 4179 820 4262 potestatem.
862 4168 944 4231 Etsi
969 4167 1061 4249 quis,
1087 4183 1145 4232 ete.
1227 4193 1229 4202 ¹
