2676 4976
419 312 423 319 ·
489 303 775 368 exorcismorum
1138 288 1210 366 ⁶71

91 453 197 514 saneti
230 449 372 532 spiritns
411 454 443 508 at
474 443 656 528 perlutus
697 443 781 526 ignia
816 444 994 507 servorem
1022 444 1207 509 discernere

91 537 207 596 fideles
249 542 281 594 et
319 527 488 606 infideles,
514 536 553 590 ut
579 547 596 590 a
625 535 714 590 tactu
747 529 816 592 eius
850 527 950 605 furti,
985 528 1038 590 vel
1070 527 1211 592 homiui·
1251 557 1256 566 ·

92 620 160 694 dii,
194 616 248 679 asl
283 611 449 689 adulterii,
478 609 578 683 cuius
609 609 781 692 inquisitio
807 610 922 692 agitur,
945 610 1066 671 conscii
1088 611 1214 676 exhor*

90 709 250 776 rescaut,
284 707 313 758 st
334 715 447 758 manus
469 715 580 756 eorum
602 693 654 756 rel
677 693 775 774 pedes
797 693 1027 755 comburantur
1054 692 1209 776 aliquate-v

91 805 180 861 nus,
206 783 358 842 immanes
388 797 468 838 rem
489 777 527 840 ab
553 775 713 840 eiusmodi
743 776 878 843 crimine
907 776 1086 848 liberentur
1112 778 1209 862 peni·

90 875 149 928 tus
173 874 206 927 et
227 861 338 925 inlaesi
369 866 587 944 permaneant.
636 861 701 920 Par
728 859 906 926 Dominum
927 869 1082 926 nostrum.

610 973 704 1036 Alia·

114 1089 116 1092 ’
179 1085 267 1145 Deus
289 1081 399 1161 index,
422 1079 535 1155 iustus,
556 1077 659 1158 fortis,
683 1086 848 1142 auctorat
869 1089 989 1144 amator
1010 1083 1112 1166 Isaris,
1149 1107 1209 1168 pa-

90 1168 177 1229 tiens
199 1175 233 1228 at
256 1165 397 1226 multum
417 1161 616 1240 misericors,
639 1164 696 1244 qui
725 1161 847 1226 iudicas
869 1163 956 1246 quod
989 1167 1111 1230 iustum
1140 1175 1208 1246 cst,

90 1261 123 1312 et
143 1257 272 1312 rectum
293 1246 452 1308 iudicium
472 1255 574 1321 tuum,
588 1245 645 1328 qui
666 1245 799 1327 respicis
820 1267 918 1328 super
938 1251 1054 1320 terram
1075 1259 1108 1311 et
1128 1251 1214 1330 facis⁴

86 1354 159 1397 eam
183 1341 336 1407 tremere,
356 1339 406 1404 tu,
427 1331 515 1389 Deus
535 1329 759 1408 omnipotens,
781 1327 840 1411 qui
859 1350 918 1410 per
938 1329 1109 1394 adventum
1130 1333 1216 1404 Filii'

83 1415 135 1476 tui
156 1413 295 1474 Domini
319 1413 419 1474 nostri
441 1411 515 1472 lesu
536 1410 656 1474 Christi
672 1410 829 1470 mundum
850 1409 991 1489 salvasti,
1008 1422 1041 1476 et
1060 1437 1120 1498 per
1140 1416 1208 1481 eius

83 1497 277 1560 Passionem
302 1515 402 1578 genus
422 1495 599 1554 hamanum
620 1493 800 1568 redemisti,
823 1493 906 1556 hanc
936 1515 1051 1580 aquam
1072 1497 1205 1568 ferven-

83 1581 154 1642 tem
178 1575 238 1640 ‘vel
268 1577 331 1638 hoc
360 1577 482 1638 ferrum
512 1575 644 1636 fervens
673 1576 844 1642 sanctifica.
894 1577 965 1656 Qui.
989 1588 1060 1645 tras,
1086 1600 1204 1662 pueros

85 1662 216 1738 Sidrac,
238 1661 350 1739 Missa,
372 1667 404 1722 et
424 1659 598 1742 Abdenago
624 1660 712 1721 iussu
738 1659 833 1742 Regis
853 1660 1024 1744 Babylonis
1047 1663 1082 1724 in
1105 1664 1204 1723 cami-

87 1767 133 1804 no
157 1743 242 1826 ignis
264 1764 396 1802 accensa
418 1741 550 1802 fornace
572 1742 701 1804 salvasti
730 1753 762 1804 et
785 1744 930 1806 inlaesos
952 1765 1010 1826 per
1043 1746 1213 1841 Angelum,

87 1837 242 1888 sanctam
260 1836 353 1886 tuum
375 1821 525 1902 eduxisti,
546 1834 594 1902 tu,
619 1825 866 1888 clementissime
885 1825 992 1903 Pater,
1014 1830 1206 1894 Domraator

91 1909 308 1989 omnipotens,
330 1917 452 1990 praesta
474 1917 510 1968 ut
526 1905 557 1976 ¹si
587 1909 660 1989 quis
687 1907 845 1970 innocens
867 1907 907 1970 de
929 1911 1017 1973 furto
1038 1911 1119 1988 hoc,
1150 1911 1207 1974 vcl

91 1990 279 2064 homicidio,
311 1999 366 2050 aut
387 1989 558 2068 adulterio,
579 2013 636 2052 seu
658 1990 828 2068 maleficio,
851 1991 884 2058 iu
907 1992 970 2065 lans
998 1993 1121 2068 ferrum
1142 1993 1204 2069 ler7

93 2095 174 2136 vens
204 2073 256 2134 rel
277 2072 310 2134 in
332 2073 415 2134 hane
444 2089 566 2154 aquam‘
586 2074 769 2136 ferventem
788 2073 911 2139 miserit
931 2097 1061 2141 manum
1090 2075 1208 2156 suam,

90 2156 193 2233 salva,
214 2164 247 2218 te
270 2164 451 2238 praestante
472 2155 612 2216 D'omino
635 2163 763 2233 nostro,
791 2167 984 2240 permaneat.
1021 2159 1089 2229 nEt
1119 2159 1205 2222 sient
1283 2173 1286 2180 '

89 2247 163 2299 tres.
178 2259 295 2322 pucros
317 2236 514 2320 supradictos
543 2237 583 2299 de
606 2239 732 2300 camino
759 2239 842 2322 iguis
871 2239 1013 2304 ardentis
1037 2239 1179 2302 liberasti
1193 2261 1213 2323 ,J

88 2322 138 2382 sic
161 2342 294 2380 manum
315 2319 509 2399 innocentis,
531 2321 734 2403 omnipotens
755 2323 854 2400 Deus,
877 2322 916 2382 ab
940 2321 1201 2389 omnislaesionis

89 2403 218 2464 insanie
233 2404 362 2476 ,salvara
379 2401 524 2484 dignare.
566 2404 607 2464 Et
628 2404 656 2466 si
684 2403 757 2484 quis
778 2405 979 2488 culpabilia,
998 2405 1049 2468 vel
1072 2403 1200 2486 nonius,

86 2495 123 2546 et
143 2483 269 2546 tumido
291 2483 410 2561 corde,
438 2483 654 2568 induratoqus
686 2495 837 2570 pectore,
868 2487 920 2554 vel
946 2488 1201 2573 superhumera-

85 2577 140 2644 te,
169 2589 246 2634 reus
277 2567 316 2630 de
344 2565 544 2644 hocfurto,
574 2568 624 2628 vel
658 2569 849 2648 homicidio,
874 2581 930 2638 aut
950 2570 1121 2652 adulterio,
1144 2570 1201 2636 s'eu

85 2650 249 2718 maleficio
270 2671 400 2708 manum
419 2651 541 2712 miserit
563 2649 596 2720 iu
624 2651 687 2714 hoc
709 2645 831 2715 ferrum
860 2654 914 2715 vel
936 2675 1051 2736 aquam
1072 2649 1202 2718 fervanss

86 2745 164 2810 tem,
189 2743 235 2807 tu,
248 2734 335 2794 Deus
357 2732 569 2815 omnipotens,
585 2733 752 2798 iustissima
792 2734 886 2798 ietate
900 2744 932 2797 et
948 2737 1126 2806 rectissimo
1148 2735 1201 2800 iu·
1219 2780 1222 2786 -

89 2814 177 2894 dicio
196 2815 280 2876 illud
302 2815 517 2876 declarasset
536 2815 745 2884 manifestare.
763 2759 923 2901 digneris,
948 2829 984 2884 ut
997 2820 1118 2902 ,anima
1133 2815 1209 2904 aisis¹

88 2919 149 2981 per
170 2895 401 2979 poenitentiam
422 2895 570 2963 salvetur.
621 2899 710 2960 Etsi
730 2898 786 2962 ille
812 2922 932 2965 nocens
955 2902 1007 2962 vel
1030 2893 1200 2984 culpabilis

89 2982 144 3052 sit,
167 2989 199 3039 et
219 3001 278 3061 per
298 2979 429 3059 aliquod
445 2979 638 3042 maleficium
653 2983 705 3044 vel
726 3003 785 3063 per
799 2982 914 3044 herbas
934 2992 1067 3066 aut'per
1088 2991 1198 3045 causas
1299 2979 1301 2986 ⁴

90 3062 264 3124 diabolicas
288 3061 501 3140 induraverit,
522 3073 554 3124 at
579 3075 744 3145 peccatum
766 3065 854 3143 quod
876 3066 954 3135 facit
974 3065 1122 3128 confiteri
1144 3088 1200 3127 no·

90 3145 201 3224 luerit,
222 3155 276 3205 tna
298 3145 443 3220 dextera,
460 3165 654 3224 quaesumus
675 3145 829 3223 Domine,
854 3145 917 3208 hoa
939 3147 1102 3223 declarare
1125 3150 1198 3233 dig,

91 3239 199 3294 netur.
239 3229 303 3292 Per
321 3227 505 3290 Dominum.
1062 3249 1080 3265 1*
1119 3261 1121 3269 v
1181 3237 1191 3284 '.

425 3349 429 3364 ι
505 3309 626 3388 ,Μανῆ
647 3312 749 3388 tertia.

172 3417 263 3478 Deus
282 3413 486 3476 innocentiae
506 3416 673 3478 restitutor
693 3425 725 3477 et
745 3424 877 3493 amator,
898 3417 954 3498 qui
975 3425 1087 3501 anqtor
1111 3418 1198 3503 pati!

90 3521 125 3561 es
151 3510 184 3560 et
208 3496 331 3558 iudicas
350 3498 544 3578 aequitatem
555 3523 566 3570 ·,
579 3551 582 3556 Δ
596 3495 799 3562 'tessnhnixia
818 3521 967 3583 rogamus
993 3501 1142 3584 precihus
1163 3512 1200 3563 ut

88 3579 297 3645 laoc'ferram
324 3578 669 3662 ignitummadiaatum
696 3583 750 3646 sal
778 3582 862 3644 hano
883 3585 1205 3663 squamosalosum

89 3665 130 3725 ad
158 3663 311 3726 iustitiam
332 3663 654 3725 eteuaminatiousaa
683 3665 855 3728 cuiuslibet
874 3664 1044 3732 dubietatis
1061 3665 1199 3730 numdi.

91 3767 169 3808 aare
189 3756 222 3806 et
235 3745 433 3806 sanctificare
456 3745 614 3828 dignarier
636 3747 681 3808 ita
703 3750 787 3810 atsi
801 3750 965 3820 innocens
987 3751 1026 3812 de
1048 3750 1208 3812 leonton·-²

89 3837 147 3907 to,
165 3829 220 3891 vel
242 3827 441 3906 homicidio,
459 3830 516 3890 trel
538 3829 717 3908 adulterio,
745 3832 799 3894 rel
819 3834 988 3907 maleficio,
1010 3833 1204 3912 nuda‘pura

90 3913 176 3992 gotio
198 3912 382 3991 quaerenda
414 3918 478 3988 est,
509 3912 542 3970 in
574 3912 635 3973 hoc
664 3913 803 3996 ignitum
830 3925 863 3974 at
888 3925 943 3976 tua
969 3913 1206 3980 benedictione

90 3995 321 4056 sanctificatum
340 3993 486 4070 semum,
519 3995 573 4056 vel
595 3995 632 4056 in
658 3995 880 4076 hancaquam
905 3997 1067 4057 assidam,
1090 4004 1206 4064 otrituas

87 4075 317 4139 benedictione
337 4076 590 4154 sanctiticatam,
612 4099 724 4140 manns
745 4077 1121 4160 rel·,padas÷itnmiaerit,
1142 4088 1205 4144 rm'

87 4157 316 4244 benignissima
336 4160 548 4221 miseratione
569 4161 709 4223 inlaesus
729 4167 890 4245 appareat«
909 4207 910 4212 η
930 4161 964 4222 si
985 4167 1097 4236 autam
1121 4161 1204 4226 oul··

87 4242 206 4328 piabilis
228 4251 323 4328 atque
342 4263 417 4306 rana
438 4244 680 4329 contempserit,
698 4243 845 4331 at÷·qaaai
867 4249 1025 4330 tentatur-⁶
1042 4243 1198 4316 indiciam
