2676 4976
151 279 226 356 tid
586 305 797 361 'mannase

149 441 344 504 infimam
366 463 521 508 essenon
547 443 781 532 promiseritis,
809 441 952 532 qualiter
980 465 1076 532 supra
1103 443 1228 530 diximus,

150 534 286 622 mnne
302 535 473 624 componat
498 551 570 613 pers
592 529 674 613 parti
690 527 754 591 fide
765 528 924 628 'servandi
938 546 1055 671 penam
1074 527 1108 590 in
1120 529 1231 614 duplum

149 622 251 690 rpsam
275 619 458 691 pothonem
478 611 518 674 de
540 621 625 674 terra
646 612 845 695 supradicta,
874 620 1015 694 quanter
1033 632 1092 708 pro
1109 619 1230 708 tempore

28 733 31 738 -
149 690 253 752 fuerit
272 693 460 771 meliorata,
486 705 542 757 aut
563 694 703 757 valuerit
732 697 791 756 snb
813 693 1070 756 estimationem
1097 695 1233 758 consimili

150 772 234 834 loen.
267 775 382 836 Dicitis
404 775 471 838 ital
499 777 653 860 Dicimus.
681 778 819 844 Tradite,
832 775 969 838 invicem
992 775 1233 840 dnosbresesdi-

149 854 286 919 visionis
307 857 341 917 in
363 878 429 921 uno
453 857 578 938 tenore,
600 869 633 922 et
656 859 734 920 huic
761 859 889 922 notario
909 881 928 919 e
948 859 1158 926 scribendum.
1191 861 1234 922 lli·

150 938 215 1000 cite
245 959 358 1002 omues
388 961 444 1003 vos
463 963 551 1024 rogo.
594 941 751 1004 Similiter
777 940 913 1004 Romani
943 941 1078 1004 faciunt.
1122 941 1234 1023 Salices,

152 1029 187 1082 et
205 1023 306 1084 ceteri
326 1023 438 1084 lerant
458 1035 577 1088 certam
605 1025 645 1086 de
671 1034 755 1086 terra
777 1047 851 1087 curn
876 1025 1045 1103 omnibus,
1070 1045 1130 1108 que
1158 1045 1189 1088 sn
1208 1045 1235 1086 e-

150 1102 220 1167 rius
241 1104 381 1166 diximus
403 1105 436 1166 in
459 1107 646 1170 venditione
667 1106 804 1170 Seliehe.
853 1107 896 1168 Et
917 1107 1011 1187 adde,
1032 1129 1090 1190 pro
1113 1045 1235 1187 heredes,

152 1194 191 1246 et
206 1204 264 1269 per
282 1187 469 1267 espondete,
490 1190 583 1251 mitte
605 1188 754 1273 obligate.
783 1190 827 1250 Et
847 1189 900 1251 dic
918 1187 989 1252 sine
1009 1187 1235 1252 contradictione

151 1277 192 1330 et*
205 1270 397 1352 repetitione
419 1281 452 1334 et
472 1273 553 1334 adde
575 1272 656 1350 illic,
677 1271 734 1333 nbi
756 1268 857 1349 dicis,
879 1273 914 1332 in
936 1271 1098 1333 consimili
1126 1272 1189 1345 loeo
1212 1279 1236 1334 et

99 1351 101 1367 '
150 1348 285 1435 insuper
307 1373 422 1434 penam
444 1353 657 1437 stipulationis
679 1353 821 1432 nomine,
834 1375 898 1437 qne
920 1362 969 1418 est
979 1353 1099 1415 mulcta
1118 1353 1179 1414 anri
1196 1373 1236 1436 op·

150 1432 222 1494 timi
245 1436 351 1497 untias
378 1446 518 1519 quatuor
537 1437 661 1520 argenti
681 1435 826 1519 pondera
846 1445 920 1497 octo
943 1458 1042 1518 quum
1061 1435 1193 1498 inferatis
1206 1433 1237 1496 ad

152 1524 275 1598 partem
296 1518 393 1580 fidem
413 1530 614 1598 servantem,
640 1521 693 1581 vel
724 1527 837 1581 eontra
862 1519 1007 1602 qualiter
1035 1516 1196 1579 intuleritis
1212 1525 1236 1580 et

153 1597 235 1660 adde
255 1602 404 1683 rnarpite
423 1609 456 1662 et
474 1611 580 1664 cetera
597 1610 672 1664 aunt
692 1601 818 1668 similia.
858 1603 897 1662 In
918 1603 1064 1663 Romana
1083 1609 1115 1662 et
1133 1597 1237 1662 Salielu

154 1699 197 1742 ne
218 1681 325 1762 addas,
347 1693 384 1745 ut
409 1691 509 1746 sortes
530 1691 615 1746 stent
636 1693 668 1746 et
690 1684 824 1767 equatio
839 1694 1020 1768 percurrat.

178 1813 325 1907 Qualiter
350 1813 458 1878 dea
478 1814 607 1877 »talieta
625 1813 801 1900 spondetur
807 1841 819 1886 ;
842 1816 924 1877 Nam
947 1813 990 1878 de
1010 1814 1121 1878 Puella
1132 1811 1177 1898 fit
1197 1824 1223 1878 ut

606 1897 647 1960 de
679 1901 800 1960 ceteris.

239 2013 310 2080 XX.
352 2013 499 2095 Comite,
520 2014 655 2077 Missove
676 2013 762 2098 regis
791 2035 866 2076 cum
893 2021 1019 2097 septem
1047 2008 1236 2086 iudicibusin

153 2094 277 2157 iudicio
297 2097 475 2174 residente,
496 2096 632 2180 tongiuo
657 2097 710 2158 rel
735 2097 922 2160 centenario
947 2095 1069 2178 placito
1089 2093 1237 2154 banniente

152 2179 274 2240 femina
293 2181 391 2242 vidua
408 2182 512 2244 Salicn
533 2181 590 2241 tali
611 2189 723 2240 tenore
738 2189 770 2241 et
791 2179 905 2241 ordine
924 2178 1111 2261 spondetur.
1136 2173 1237 2268 Adsunt

156 2259 245 2322 enim
266 2281 384 2325 novem
408 2263 555 2326 homines
576 2283 715 2346 qnorum
742 2270 805 2324 tres
829 2270 905 2322 sunt
934 2270 1079 2336 actores,
1108 2267 1166 2318 tres
1193 2275 1237 2336 qut

152 2343 213 2421 rei,
235 2354 299 2407 tres
315 2355 352 2405 nt
369 2356 464 2410 testes
486 2345 583 2407 huius
604 2343 708 2406 omnis
728 2343 777 2404 rei
798 2353 829 2406 et
851 2343 944 2405 solid
967 2343 1026 2408 111.
1047 2351 1080 2402 et
1096 2360 1173 2414 unus
1195 2337 1238 2397 de·

155 2427 228 2486 nari
256 2447 340 2508 eque
360 2428 582 2510 pensantium3
604 2427 649 2489 ita
669 2436 706 2487 ut
728 2425 763 2486 hi
787 2434 910 2488 actores
933 2433 1069 2486 utantur
1087 2419 1238 2482 actionibus

154 2528 292 2587 quarum
313 2510 378 2571 due
399 2533 527 2595 semper
546 2511 618 2570 inre
640 2509 777 2571 iurando
797 2509 965 2590 indigeant
990 2504 1153 2568 terminari
1169 2502 1239 2564 selu·

154 2589 182 2650 ti
207 2593 423 2654 controversia
444 2594 485 2655 de
512 2600 723 2654 antestestura
743 2600 776 2652 et
801 2590 840 2652 de
863 2589 1003 2652 consilio
1024 2588 1141 2652 mortis.
1176 2585 1239 2644 Ter·

155 2672 207 2734 cia
228 2695 306 2736 vero
324 2676 407 2736 actio
423 2696 549 2758 semper
569 2674 680 2737 duello
697 2673 815 2756 gaudet
835 2671 1017 2734 examinari
1041 2681 1173 2732 actorem
1190 2665 1238 2727 ele·

155 2754 212 2840 pio
234 2765 267 2817 et
288 2756 404 2819 baculo
432 2767 600 2841 preparato
622 2766 658 2816 ut
682 2759 722 2818 de
743 2756 831 2816 lurto
853 2777 951 2838 super
965 2776 1025 2816 sex
1046 2751 1137 2816 solid.
1156 2757 1183 2810 et
1198 2747 1238 2809 de·

155 2839 262 2920 posito
275 2839 352 2912 XX.
368 2851 400 2902 et
417 2842 514 2918 ultre,
532 2839 588 2902 sed
608 2838 700 2900 factis
718 2837 896 2900 actionibus
920 2846 952 2898 et
968 2837 1042 2898 iure
1066 2855 1123 2918 pro
1141 2832 1180 2910 ,iis
1200 2830 1239 2922 de·

156 2921 198 2982 tis
226 2923 432 2985 vademoneis
458 2945 477 2983 a
497 2922 573 3000 reis,
595 2931 717 2983 actores
731 2919 863 2984 baculos
887 2917 1067 2983 vadimonii
1090 2915 1150 2978 reis
1170 2921 1239 3005 resit-

156 3012 258 3065 tnunt.
299 3006 367 3066 Hoc
386 3008 488 3084 facto,
510 3013 580 3066 eta
603 3025 760 3086 sponsuro
785 3003 896 3084 precio
927 2997 1112 3086 supradicto
1136 3013 1240 3080 repano

156 3086 244 3166 dato,
271 3089 367 3150 debet
391 3089 510 3149 mulier
540 3087 677 3168 inquirit
701 3107 740 3145 an
763 3085 860 3168 eligat
888 3105 964 3144 eum
996 3085 1103 3145 uirum
1132 3079 1239 3158 dequo

155 3169 197 3230 sit
225 3171 382 3253 placitum
409 3171 482 3248 sibi,
503 3171 592 3253 quod
615 3190 689 3231 eum
712 3167 830 3228 mulier
856 3164 1088 3242 affirmaverit,
1108 3171 1178 3223 tunc
1195 3159 1238 3220 de'·

155 3252 213 3313 lret
238 3262 330 3336 pater
353 3253 503 3336 sponsuri
525 3249 728 3334 interrogari,
749 3249 777 3312 si
800 3249 870 3311 filio
891 3269 951 3312 suo
967 3245 1127 3309 consentit
1144 3246 1240 3325 etpost

159 3345 270 3397 orator
290 3337 434 3421 incipiat.
776 3373 780 3390 .
1191 3402 1199 3417 .

181 3443 184 3452 ’
237 3420 356 3480 Notum
382 3419 423 3480 sit
443 3416 556 3493 vobis,
582 3414 746 3494 Quirites,
777 3413 804 3476 si
827 3435 847 3475 a
873 3415 944 3476 Deo
972 3411 1109 3490 factum,
1139 3401 1240 3501 ordme-

156 3507 290 3584 tnmque
314 3501 432 3578 fuerit,
454 3500 544 3580 quod
566 3499 685 3560 Fabius
705 3495 833 3559 venerit
856 3504 892 3557 nt
917 3495 978 3556 sibi
1002 3497 1183 3576 Sempronia
1198 3501 1239 3543 re·

156 3582 234 3644 licta
255 3584 419 3665 quondam
441 3582 562 3658 coniux
581 3579 739 3641 Thersitis
765 3589 797 3642 et
814 3599 878 3660 que
900 3588 1010 3640 estex
1034 3593 1147 3659 genere
1162 3570 1239 3630 Fran·

158 3687 288 3743 corum,
315 3666 381 3725 titio
403 3663 582 3735 Ciceronis,
602 3662 692 3724 vobis
713 3662 925 3745 presentibus,
945 3660 1050 3721 Fabio
1072 3651 1239 3738 spondeatur

158 3758 191 3810 et
216 3751 339 3810 Seneca
361 3770 419 3809 suo
438 3746 576 3828 reperio.
618 3746 693 3822 Quo
719 3767 737 3803 a
759 3744 859 3804 Fabio
878 3742 1065 3803 confirmato
1089 3739 1198 3798 Seneca
1210 3725 1238 3786 ab

160 3833 298 3894 Oratore
324 3833 537 3911 interrogatus
563 3827 757 3909 respondeat
779 3825 986 3908 sponsalibus
1002 3833 1034 3885 et
1058 3821 1157 3905 primo
1174 3815 1238 3905 (lra-

160 3926 212 3978 tor
235 3917 415 3997 interroget
441 3911 576 3974 Fabium
601 3931 667 3992 qua
693 3910 763 3992 lege
793 3908 936 3970 vivendo
960 3915 1076 3969 utatur.
1117 3899 1148 3962 Si
1171 3895 1239 3956 due·

156 4001 213 4076 rit,
239 3998 330 4061 serbi
351 3993 462 4080 gratia,
484 3992 624 4069 Seliehn,
644 4001 723 4052 tunc
746 3993 864 4052 Orator
880 3989 974 4068 dicat,
997 4011 1016 4048 ο
1031 3984 1127 4060 Fabi,
1147 3975 1238 4074 deuse·

157 4103 239 4144 nece
269 4078 488 4143 vadimonium
512 4086 552 4138 ut
576 4073 673 4136 faeiat
703 4072 951 4155 Sempronium,
987 4089 1051 4154 que
1075 4066 1238 4148 defensore

158 4165 284 4226 senece
305 4162 430 4245 regitur
455 4161 526 4221 iure
547 4168 605 4218 tuo
630 4156 834 4218 securitatem
860 4152 1082 4236 scripturalem
1110 4152 1238 4240 epieteti

157 4246 317 4329 portionis
338 4245 482 4306 omnium
511 4259 718 4322 rerumquae
741 4258 829 4301 nunc
852 4235 950 4300 habes
968 4235 1020 4300 vel
1043 4231 1237 4314 adqnnnonu
