2676 4976
455 317 737 378 aNuEGttEttsts
1090 300 1162 394 ‚50⁵¹

86 464 205 548 ¹iuquis
227 462 318 542 meis,
346 461 395 525 sel
420 460 566 546 qualibet
594 465 747 524 extranea
783 479 939 542 persona,
964 460 1022 542 qui
1054 469 1166 524 contra

75 489 161 611 banc
190 544 412 622 venditionem,
446 564 544 627 quem
563 563 623 624 ego
650 540 709 626 ipsi
730 541 815 602 bona
837 541 1003 604 voluntate
1019 542 1090 605 lieri
1115 564 1167 604 ro·

80 630 162 714 gavi,
182 649 268 709 agera
285 626 452 704 conaverit,
474 627 594 688 inferat
614 623 701 686 iuter
719 623 778 684 tibi
797 632 829 683 et
850 621 927 684 fisco
951 623 1074 688 solidus
1096 634 1166 686 tan·

69 723 133 772 'tus
160 710 240 772 vobis
266 719 441 791 componat,
473 717 505 770 et
530 706 619 790 quod
639 707 758 788 repetit
784 704 869 765 nihil
892 705 998 767 valcat
1016 707 1166 771 vindece-

82 813 130 871 re,
149 801 178 854 et
194 792 265 854 hacc
285 791 421 854 vinditio
436 788 573 874 perenni
588 797 732 872 tempore
746 787 836 849 firma
848 797 1044 871 permaneat.

280 919 347 983 Hic
366 935 413 983 est
439 919 578 982 vinditio
601 918 641 979 dc
669 932 754 990 terra
774 918 940 986 conductu.

154 1033 202 1098 IV.
237 1033 305 1114 Ego
332 1035 423 1096 enim
446 1033 506 1094 illi.
549 1036 681 1096 Constat
697 1055 747 1094 mc
767 1033 964 1114 vindedissc,
983 1033 1076 1097 etita
1091 1035 1166 1098 viu-

81 1115 145 1176 dodi
173 1115 209 1177 ud
233 1118 423 1179 venerabile
448 1116 538 1178 fratri
568 1117 627 1176 illa
654 1116 783 1179 vineola
812 1116 886 1199 plus
916 1138 1029 1182 meuus
1060 1117 1167 1180 iactus

78 1207 179 1274 tantus,
201 1206 231 1257 et
254 1199 371 1260 residit
391 1201 426 1260 in
447 1199 654 1260 terraturium
681 1199 782 1260 sancti
802 1197 903 1276 illius,
926 1199 960 1260 in
980 1200 1084 1262 luudo
1109 1201 1168 1262 illa

74 1281 134 1356 illa,
158 1289 187 1339 et
207 1279 310 1363 accipi
336 1304 355 1340 a
385 1281 476 1345 vobis
507 1281 667 1364 pretium,
690 1280 724 1341 iu
745 1281 834 1362 quod
860 1280 941 1340 mihi
968 1282 1167 1364 conplacuit,

71 1361 125 1420 boc
143 1370 188 1421 est
210 1363 342 1424 soledus
360 1371 479 1441 tantus,
502 1373 538 1424 ut
559 1364 598 1424 de
623 1364 662 1423 ab
682 1363 879 1424 hodiernum
899 1362 951 1424 die
974 1375 1168 1428 memoratus

70 1452 182 1526 emptor
207 1444 370 1526 quicquid
397 1447 436 1508 de
463 1447 530 1528 ipsa
555 1445 651 1510 vinea
671 1446 779 1506 facere
800 1442 961 1523 volueris,
982 1445 1118 1508 liberam
1132 1448 1168 1508 in

68 1526 204 1587 omnibus
231 1527 351 1590 habeas
375 1537 563 1612 potestatem
589 1527 742 1588 faciendi.
804 1525 838 1587 si
860 1525 932 1607 quis
963 1548 1041 1590 vero
1062 1529 1169 1612 (quod

67 1628 212 1672 essenon
235 1608 360 1689 credo)
386 1632 418 1672 se
445 1610 545 1670 luerit
568 1619 624 1671 aut
641 1630 702 1692 ego
725 1608 807 1692 ipsi,
829 1613 884 1668 aut
899 1607 988 1670 ullus
1008 1610 1048 1671 de
1069 1612 1168 1673 here-

66 1689 152 1750 dibus
175 1691 266 1768 meis,
283 1701 343 1752 aut
362 1693 526 1774 quaelibet
546 1691 690 1775 obposita
712 1711 859 1774 persona,
879 1689 937 1772 qui
953 1701 1065 1754 contra
1081 1693 1167 1756 hauc

65 1771 272 1836 vinditionem
285 1818 295 1850 ,
326 1797 423 1856 quem
446 1797 505 1857 ego
526 1775 611 1836 bona
638 1774 803 1836 voluntate
829 1773 900 1834 lieri
922 1772 1052 1854 rogavi,
1073 1773 1169 1837 veni·
1206 1836 1216 1854 Ι

67 1874 96 1914 rc
117 1862 169 1914 aut
187 1857 348 1918 resultare
367 1858 626 1940 praesumpserit,
644 1855 772 1939 dupplit
791 1862 930 1934 tuntum,
951 1855 1069 1918 etalio
1094 1865 1169 1918 tau-
1247 1891 1252 1903 ·

66 1944 130 1994 tum
154 1947 316 2019 quantum
340 1938 419 2000 haec
445 1939 583 2001 vinditio
606 1940 664 2000 ista
688 1937 855 2014 contenit,
884 1946 916 1998 et
938 1937 1027 2020 quod
1050 1937 1170 2023 repetit

67 2016 220 2080 uindicare
253 2044 322 2084 unu
351 2022 471 2099 valeat,
502 2031 534 2082 et
556 2021 637 2082 haec
662 2019 801 2082 vinditio
822 2019 911 2082 omni
939 2029 1084 2106 tempure
1111 2019 1168 2081 lirv.

68 2119 111 2159 ma
130 2114 328 2184 permaneat.
369 2103 485 2166 Actum
509 2101 702 2170 Andecavis.

221 2231 346 2314 Incipit
367 2233 518 2301 securitas
538 2230 579 2300 de
600 2228 857 2315 supersellicionc
875 2229 924 2289 tis
947 2243 1005 2292 cst.

141 2343 180 2410 V.
220 2347 312 2407 Dum
335 2368 400 2408 uon
426 2355 473 2408 est
495 2346 715 2430 incognetum,
742 2345 882 2429 qualiter
904 2345 1029 2428 aliquos
1058 2343 1167 2424 homo,

70 2445 175 2487 nomen
197 2422 272 2506 illi,
289 2427 415 2510 ¹aliquo
442 2428 597 2507 bomine,
629 2450 745 2489 nomeu
767 2429 849 2507 illo,
879 2427 1023 2489 mallavit
1047 2429 1086 2490 de
1114 2450 1167 2490 res

68 2528 149 2583 suas,
172 2521 205 2572 et
228 2510 302 2592 ipse
330 2510 381 2571 illi
412 2511 495 2570 male
522 2511 552 2572 ei
575 2510 691 2572 exinde
722 2532 896 2591 numquam
918 2511 1049 2572 fecissit.
1090 2513 1168 2573 Pro·

68 2589 136 2650 inde
152 2590 212 2675 ipsi
235 2593 292 2653 illi
314 2601 387 2653 ante
409 2593 504 2654 bonis
528 2593 713 2654 hominibus
736 2593 900 2673 convenit,
921 2601 958 2652 ut
978 2593 1061 2654 lianc
1087 2593 1169 2676 epis·

69 2673 156 2731 tolum
176 2677 289 2738 facere
313 2673 448 2752 deberit,
477 2685 512 2736 ut
535 2676 626 2735 nullo
649 2693 800 2756 umquam
821 2683 966 2758 tempore
985 2685 1095 2736 contra
1122 2675 1170 2758 ip·

72 2774 206 2834 soagcre
234 2777 306 2816 non
335 2767 524 2838 praesumat.
565 2755 708 2834 Quodsi
735 2756 785 2817 illi
817 2766 872 2816 aut
894 2757 1002 2838 aliqua
1029 2778 1169 2840 persona

74 2835 108 2893 ad
123 2839 220 2899 vicem
242 2858 336 2900 suam
362 2837 427 2921 ipsa
453 2859 547 2900 causa
573 2839 728 2900 resultare
752 2839 1016 2919 praesumpserit,
1039 2839 1169 2900 soledus

74 2925 164 2980 tantus
186 2920 282 2982 iuter
297 2919 367 2996 tibi,
392 2929 424 2980 et
448 2919 524 2981 lisco
545 2940 726 3002 conponere
751 2919 870 2995 debiat,
891 2929 923 2979 et
944 2921 1033 3000 quod
1052 2919 1170 3001 repetit

73 2997 228 3066 uindicare
252 2995 465 3079 non‘raleat,
490 3010 524 3064 et
546 2999 625 3064 hacc
645 2999 799 3063 securitas
822 3000 913 3061 firma
934 3010 1137 3083 permaneat..

404 3134 523 3216 Incipit
543 3137 623 3195 icens
646 3134 807 3193 securitas.

86 3253 91 3256 '
130 3247 199 3316 „VL
244 3253 332 3318 Dum
355 3240 488 3308 nonest
512 3245 723 3328 incognitum,
747 3244 918 3328 quiaante
942 3245 1169 3314 hosdiesali·
1247 3271 1250 3278 ·

73 3347 144 3408 qnos
164 3331 265 3393 homo
293 3349 410 3390 nomen
440 3329 506 3406 illi,
533 3329 623 3390 litem
647 3329 680 3388 in
712 3329 763 3389 via
787 3327 916 3411 publica
943 3339 1022 3411 aput
1054 3330 1111 3391 illo
1139 3331 1170 3394 ei

72 3407 184 3491 habuit,
208 3424 242 3476 et
264 3413 402 3474 cobebus
426 3433 523 3494 super
545 3433 619 3476 eum
646 3410 706 3492 ipsi
733 3410 781 3470 illi
815 3411 845 3470 ei
866 3412 973 3492 posuit
987 3437 998 3482 s
1028 3412 1074 3474 sic
1093 3412 1169 3474 tali-

72 3499 117 3554 tar
135 3496 290 3558 convenit
310 3494 409 3576 ipsius
428 3494 524 3562 homo
548 3493 588 3553 ad
606 3492 776 3554 mediantis
798 3493 892 3554 bonis
917 3493 1113 3575 hominibus,
1133 3505 1170 3555 ut

72 3571 152 3644 lianc
174 3578 347 3639 securitate
374 3575 460 3656 ipsus
486 3575 581 3640 homo
600 3577 639 3635 dc
659 3577 745 3660 ipsus
773 3577 912 3637 cobebus
933 3597 991 3637 scu
1016 3589 1048 3638 et
1066 3578 1106 3639 de
1124 3576 1171 3660 ip..

74 3678 102 3720 sa
118 3659 183 3739 lite,
208 3681 306 3742 quem
330 3667 407 3740 aput
430 3657 508 3722 mihi
532 3657 629 3732 abuit,
652 3660 771 3719 facere.
786 3658 926 3736 deberit,
949 3657 1038 3740 qnod
1067 3659 1111 3719 ita
1138 3669 1171 3720 st

74 3737 152 3801 lecit.
195 3743 238 3802 Et
264 3741 372 3823 (quod
391 3741 537 3804 futurum
557 3761 624 3800 esse
651 3761 719 3812 non¹
738 3742 852 3818 credo)
880 3739 906 3800 si
930 3741 1033 3801 luerit
1051 3751 1088 3802 ut
1110 3763 1170 3821 ego

75 3817 146 3902 ipsi,
173 3833 227 3885 aut
250 3822 366 3905 aliquis
394 3821 434 3882 de
461 3821 634 3881 heredibus
660 3823 755 3900 meis,
787 3821 838 3882 vel
860 3822 1008 3903 qualibet
1027 3823 1170 3904 obposita

75 3922 222 3978 persona,
248 3906 302 3987 qui
326 3913 441 3967 contra
463 3902 547 3976 huuc
573 3905 744 3965 securitate
769 3904 927 3964 resultare
952 3925 1170 3988 praesumpse-

76 3982 136 4062 nit,
162 3988 291 4049 soledus
314 3996 420 4049 tantus
440 3985 469 4046 ei
502 3995 678 4068 conponat,
703 3995 736 4045 et
757 3986 845 4068 quod
864 3983 984 4065 repetit
1004 3984 1087 4046 nihil
1112 4008 1169 4060 ya-

77 4064 135 4136 lcat
154 4068 336 4146 vindicare,
364 4079 394 4130 et
420 4067 499 4134 hacc
519 4067 671 4140 securitas·
698 4066 755 4130 ista
783 4065 920 4157 perenni
947 4074 1089 4152 tempore
1115 4065 1171 4138 [aa

77 4167 121 4218 uia
138 4162 329 4234 pcrnraueat.
793 4206 794 4209 ,
