2734 4990
188 238 264 316 tat
639 253 831 312 ιοιιιιιιιι

408 393 553 482 Epistola
573 393 709 480 qualiter
725 393 844 482 pupilli
865 396 1066 482 recipiuntur.

255 507 419 580 'txxltt
459 512 528 574 Lex
546 509 688 572 Romana
707 509 920 594 constringit,
951 519 988 574 nt
1010 511 1069 593 qui
1089 520 1211 578 tutores
1232 537 1296 580 no-

185 597 313 664 luerint
332 615 401 660 esse
421 593 641 678 parvulorum,
660 592 689 654 si
710 594 794 656 forte
827 593 960 656 cesserit
988 592 1135 658 luctuosa
1160 596 1296 660 heredi·

184 691 244 760 tas,
265 681 300 742 in
326 699 364 741 ea
384 677 444 762 ipsi
465 675 645 737 habeantur
673 674 830 738 extranei.
872 677 1047 759 Propterea
1076 698 1136 762 ego
1164 679 1201 740 in
1230 680 1294 742 Dei

186 763 317 830 nomine
338 761 408 842 ille,
429 757 531 822 ludex
550 756 737 844 provinciae
759 757 850 822 illius
870 768 933 828 etc.
953 770 989 820 ut
1009 779 1105 842 supra
1124 782 1198 845 pag.
1220 763 1295 828 585.
1355 789 1356 794 ¹

610 890 750 956 Libellus
770 890 865 962 dotis.

266 1011 394 1079 Lxxv.
433 1007 625 1073 Dulcissimo
646 1017 741 1106 atque
769 1009 981 1074 amantissima
1000 1032 1115 1094 sponse
1137 1031 1208 1072 mea
1234 1032 1296 1074 nn·

184 1099 272 1161 mine
294 1095 362 1174 illa,
384 1115 444 1178 ego
466 1093 501 1153 in
524 1093 585 1155 Dei
613 1114 742 1155 nomene
765 1093 831 1156 ille.
883 1095 989 1177 igitur
1012 1097 1090 1157 dum
1114 1095 1221 1154 taliter
1237 1118 1295 1176 pa-

183 1179 331 1245 rentibus
352 1177 472 1239 nostris
488 1175 658 1260 utriusque
679 1177 777 1258 partis
799 1177 995 1260 complacuit
1014 1187 1110 1259 atque
1134 1178 1295 1240 convenit

183 1273 222 1325 nt
246 1283 306 1344 ego
328 1267 360 1320 te
380 1258 485 1321 solido
507 1266 540 1319 et
555 1258 687 1320 denar-io
708 1261 885 1321 secundum
903 1263 1020 1344 Legem
1036 1259 1174 1320 Salicem
1195 1281 1294 1342 spon·

182 1367 252 1410 aare
273 1341 443 1418 deberem,
463 1341 551 1422 quod
575 1341 618 1402 itu
641 1350 674 1404 et
692 1341 777 1419 leci,
811 1342 961 1405 similiter
982 1341 1174 1426 complacuit
1196 1342 1290 1404 nobis

182 1439 278 1510 atque
300 1423 453 1487 convenit
473 1435 510 1486 ut
535 1421 691 1485 derebus
719 1425 923 1508 proprietatis
951 1446 1039 1488 meae
1068 1424 1128 1486 tibi
1162 1424 1291 1506 aliquid

182 1510 217 1571 in
239 1508 321 1572 dotis
341 1507 472 1568 titulum
493 1504 676 1570 condonare
701 1505 862 1568 deberem.
902 1508 1000 1587 Quod
1021 1507 1065 1568 ita
1087 1516 1120 1570 et
1142 1507 1217 1571 feci.
1239 1508 1291 1568 ld·
1355 1555 1356 1560 1

181 1593 269 1656 circo
290 1611 349 1674 per
367 1589 451 1652 hanc
476 1589 654 1653 chartulam
673 1588 778 1649 libelli
795 1589 877 1651 dotis
896 1590 962 1652 sive
984 1611 1043 1672 per
1067 1592 1224 1652 festucam
1238 1599 1291 1650 at·

181 1695 245 1759 que
264 1695 325 1757 per
343 1672 561 1756 andelangnm
586 1670 671 1732 dono
697 1671 755 1732 tibi
778 1681 812 1733 et
836 1672 989 1734 donatum
1010 1673 1042 1732 in
1064 1681 1223 1753 perpetuo
1242 1693 1290 1733 es·

158 1780 214 1830 xse
233 1757 321 1833 volo,
343 1754 456 1834 idest,
478 1756 513 1816 in
539 1772 619 1838 pago
639 1753 708 1830 illo,
731 1754 764 1813 in
793 1754 865 1814 loco
886 1764 1073 1836 nuncupato
1095 1755 1167 1830 illo,
1189 1775 1290 1834 super

96 1863 98 1872 ·
179 1838 280 1912 fluvio
303 1839 373 1916 illo,
394 1835 457 1900 boc
471 1845 544 1912 est,
566 1855 693 1898 mansos
713 1844 834 1915 tantos,
856 1857 931 1897 cnm
958 1836 1143 1898 hominihus
1166 1835 1289 1898 ibidem

179 1919 454 1986 commanentibus
482 1919 535 1983 vcl
562 1917 812 1999 adspicientibus
840 1919 892 1982 bis
920 1920 1103 2004 nominibus
1138 1918 1203 1980 illis
1230 1919 1287 1980 rel

181 2003 268 2081 illis,
290 2023 364 2064 cum
385 2002 480 2065 terris
500 2011 565 2062 tam
585 2001 680 2062 cultis
701 2023 797 2083 quam
818 2011 851 2064 et
871 2001 1023 2081 incultis,
1043 2001 1152 2077 silvis,
1173 2001 1285 2082 pratis,

181 2084 312 2168 campis,
332 2084 468 2165 pascuis,
489 2084 592 2166 aquis,
614 2103 809 2166 aquarumve
831 2084 1036 2163 decursibus,
1057 2084 1230 2146 mobilibus
1252 2094 1285 2145 et

180 2165 408 2250 immobilibus,
429 2165 612 2250 praesidiis,
633 2166 782 2248 peculiis,
802 2167 991 2248 pecoribus,
1014 2166 1139 2246 vineis,
1161 2168 1284 2228 farina-

179 2250 255 2328 riis,
284 2248 337 2310 vel
361 2249 518 2331 quicquid
539 2248 573 2308 in
600 2248 668 2330 ipso
690 2249 762 2308 loco
782 2271 851 2310 mea
879 2249 1095 2311 videturesse
1127 2249 1283 2332 possessio

180 2333 243 2396 vel
256 2329 449 2407 dominatio,
470 2351 539 2392 rem
559 2329 786 2410 inexquisitam
803 2341 903 2393 totum
928 2343 960 2394 et
989 2331 1029 2392 ad
1049 2331 1224 2416 integrum,
1239 2332 1284 2391 si-

182 2425 238 2480 cut
258 2411 406 2498 superius
426 2412 512 2489 dixi,
541 2411 638 2488 done,
657 2413 771 2488 trado,
799 2423 894 2496 atque
914 2415 1104 2482 transfirmo.
1147 2414 1287 2494 Insuper

182 2498 279 2566 etiam
303 2496 389 2557 dono
409 2494 470 2556 tibi
491 2494 527 2554 in
547 2494 727 2577 pecoribus,
750 2495 864 2572 idest,
886 2496 971 2560 inter
988 2497 1086 2559 boves
1107 2507 1139 2560 et
1161 2516 1286 2571 vaccas,

182 2580 269 2642 inter
294 2589 421 2661 porcos¹
435 2587 468 2640 et
496 2597 657 2654 verveces,
678 2577 780 2656 nepita
801 2586 906 2657 tanto,
940 2581 974 2640 in
996 2579 1220 2654 fabricaturis,
1251 2577 1287 2637 id

183 2671 243 2740 est,
264 2661 299 2720 in
325 2680 405 2720 euro
424 2659 477 2722 vel
498 2668 630 2740 argento
650 2659 767 2721 solidos
788 2671 901 2722 tantos.
942 2663 980 2722 In
1006 2683 1043 2723 ea
1064 2684 1140 2724 vero
1160 2661 1287 2720 ratione

183 2743 321 2816 tathaee
347 2742 454 2804 omnio
468 2740 616 2826 superius
637 2741 808 2820 nominata,
830 2743 1092 2824 quandoquidem
1113 2745 1181 2804 dies
1201 2765 1288 2822 nnp-

185 2827 304 2890 tiorum
329 2825 492 2902 evenerit,
520 2832 553 2884 et
580 2845 639 2884 nos
666 2827 753 2886 Deus
782 2825 1011 2898 coniunxerit,
1045 2837 1083 2887 tu
1103 2824 1290 2887 dulcissima
1354 2861 1355 2872 ι

183 2928 300 2992 sponsa
326 2927 400 2970 mea
421 2907 550 2970 nomine
573 2905 632 2964 illa
651 2905 690 2966 ab
711 2907 780 2988 ipso
801 2908 852 2968 die
873 2907 936 2968 hoc
958 2907 1084 2986 habeas,
1106 2918 1228 2982 teneas,
1243 2914 1290 2965 at-

184 3013 249 3074 que
271 2990 442 3073 possideas,
464 2990 517 3052 vel
539 2987 697 3070 quicquid
718 2988 832 3050 exinde
849 2990 956 3050 facere
977 2989 1130 3062 volueris,
1149 2989 1290 3050 liberam
1354 3027 1355 3036 ι

184 3096 223 3137 ac
252 3072 462 3135 firmissimam
484 3073 517 3132 in
541 3071 690 3133 omnibus
716 3070 833 3134 habeas
860 3081 1059 3152 potestatem.
1099 3073 1142 3132 Et
1164 3071 1190 3132 si
1214 3071 1290 3151 quis

187 3155 342 3240 deinceps
362 3165 473 3216 contra
492 3153 576 3215 hanc
597 3153 772 3214 chartulam
793 3153 897 3215 libelli
919 3153 1012 3230 dotis,
1034 3155 1123 3236 quod
1144 3154 1292 3215 fiendum

188 3254 344 3306 essenon
366 3237 475 3316 credo,
497 3237 608 3298 venire
630 3245 685 3296 aut
713 3256 782 3296 eam
801 3245 956 3296 temerare
978 3236 1242 3320 praesumpserit,
1263 3237 1292 3296 si

188 3341 222 3384 se
243 3320 360 3383 exinde
379 3320 449 3379 'non
480 3318 667 3394 correxerit,
687 3317 780 3379 illurn
800 3319 856 3400 qui
885 3317 923 3378 ab
949 3317 1042 3378 initio
1062 3319 1242 3380 masculum
1258 3327 1294 3378 et

189 3403 343 3467 feminam
363 3400 510 3463 condidit
529 3410 640 3462 contra
660 3421 693 3462 se
719 3400 859 3461 ultorem
878 3399 1003 3478 sentiat,
1033 3409 1066 3462 et
1086 3400 1218 3482 insuper
1237 3422 1294 3460 an·

191 3507 228 3547 ro
249 3481 360 3548 uncias
379 3493 499 3558 tantas,
519 3491 651 3564 argento
677 3480 899 3561 librastantns
924 3492 1051 3544 coactns
1076 3483 1233 3558 exsolvat,
1257 3491 1295 3543 et

216 3567 280 3628 uod
301 3563 419 3643 repetit
440 3563 624 3626 nullatenus
645 3564 827 3626 evindicare
849 3566 1043 3647 praevaleat,
1065 3567 1121 3627 sed
1139 3585 1293 3646 praesens

191 3587 272 3709 iaec
296 3647 429 3729 epistola
450 3655 513 3706 tam
534 3647 553 3708 d
572 3668 622 3707 me
650 3668 745 3730 quam
765 3646 804 3706 ab
830 3646 1004 3708 heredibus
1025 3648 1103 3709 meis
1126 3648 1295 3708 defensata

188 3730 281 3791 'omui
305 3738 447 3814 tempore
467 3728 557 3790 firma
579 3738 612 3790 et
630 3729 750 3792 stabilis
769 3737 980 3812 permaneat,
1001 3729 1205 3814 stipulatione
1238 3729 1295 3790 in-

192 3811 355 3900 terposita.

561 3938 652 4002 Alius
670 3936 795 3999 libellus
815 3936 909 4001 dotis.

272 4053 424 4121 LXXVI.
465 4054 563 4136 Quod
580 4053 718 4130 honum,
742 4053 892 4131 faustum,
912 4051 1004 4128 felix,
1035 4021 1296 4134 prosperumque

191 4141 319 4203 eveniat
346 4138 576 4220 desponsandis
607 4135 857 4217 maritandisque
886 4136 1053 4199 ordinibus
1082 4155 1119 4198 ac
1139 4155 1297 4218 procrea-

189 4223 271 4284 tioni
295 4219 472 4284 liberorum
489 4229 557 4282 'eto
580 4231 614 4281 ut
632 4237 730 4302 ¹supro
747 4238 818 4301 pag.
840 4217 909 4297 524.
