2694 4988
493 343 650 399 arronis
687 347 725 398 ιι.
1094 327 1167 400 667

43 496 137 548 rator
164 475 443 548 Sanctus-mutata
471 485 543 568 lege
562 483 690 547 facinus
714 483 884 568 indignum
904 479 1095 564 destrueret,
1109 505 1169 567 per

44 569 163 652 quod,
196 569 259 630 etsi
285 589 414 652 corpore
445 566 603 650 quispiam
620 568 721 632 ‘diros
743 568 852 645 lieret,
883 566 987 627 anima
1010 577 1167 651 pereunte

45 672 182 736 pauper
211 650 248 712 in
280 660 441 714 somnum
464 659 617 714 maneret.
672 650 800 714 ludicio
823 651 931 732 itaque
953 649 1085 712 Domini
1104 651 1168 712 Pe·

47 756 140 817 pae,
163 742 199 794 et
223 733 354 815 piissimi
371 733 508 816 Augusti
527 742 731 814 expectatum
751 743 799 796 est
814 753 916 813 usque
938 731 978 792 ad
1002 734 1092 794 illam
1107 733 1169 816 Syq

49 816 193 893 nodum,
215 837 296 896 quae
316 837 410 898 parra
435 823 507 898 post
525 816 768 897 intercapedine
789 815 897 876 babitu
917 823 966 876 est
983 817 1170 878 Ravennae.

53 901 206 982 Cumque
218 898 334 959 ibidem
354 919 395 959 ex
408 899 521 959 eadem
536 918 572 959 re
587 899 793 981 proclamatio
813 906 1024 981 repeteretur,
1038 899 1170 980 obquo·

54 983 196 1044 rundam
215 983 391 1042 Procerum
411 981 610 1059 absentiam,
640 1001 742 1064 usque
767 980 808 1043 ad
831 980 865 1042 id
891 989 1017 1064 tempus
1041 989 1092 1042 est
1109 999 1168 1042 ex-

54 1073 259 1208 :stlte
278 1061 1170 1230 33¹⁰..sslltfiltltb‘ltgt‘ll..itte⁰‘lt..t¹tf³}⁵.¹t·

317 1191 325 1223 a
906 1185 917 1219 s
1157 1177 1171 1194 ·

50 1263 53 1272 ι
93 1238 201 1290 rantes
218 1230 372 1292 Veronae
393 1229 593 1311 colloquium
620 1251 694 1291 cum
712 1229 861 1290 omnibus
884 1227 996 1289 ltaliae
1021 1228 1169 1291 Proceri-

45 1252 105 1374 iiis
132 1309 336 1372 habuerint'
365 1313 402 1372 In
426 1311 488 1372 hoo
510 1312 619 1394 itaque
641 1333 715 1374 cum
736 1312 775 1372 ab
805 1308 954 1372 omuibus
982 1311 1171 1393 Imperiales

40 1415 140 1454 aures
166 1393 295 1476 moguir
318 1393 559 1474 quaestionibus
589 1398 619 1468 ol
646 1395 870 1477 pulsarentur,
902 1403 938 1452 ut
958 1401 1076 1454 mutata
1098 1393 1170 1475 lege

39 1475 198 1537 fraudem
220 1475 306 1536 banc
329 1486 393 1537 tam
415 1476 518 1537 diram
538 1475 578 1536 ab
599 1478 692 1537 ltalia
713 1478 862 1555 tolleret,
885 1475 1168 1552 convenientibus,

39 1560 166 1620 ceteris
190 1558 472 1620 consentientibus
484 1570 531 1642 p),
553 1559 674 1644 Legem
694 1559 881 1621 huiusmodi
895 1557 1076 1622 secuudum
1087 1558 1170 1620 infe·

38 1643 135 1703 riora
157 1641 380 1726 promulgavit
401 1640 565 1726 Capitale.
659 1641 774 1707 11.55.
797 1643 846 1720 54.
1076 1649 1080 1660 “

283 1823 338 1876 Nos
360 1823 428 1874 belli
447 1821 521 1876 dono
539 1823 609 1877 ditat
633 1825 689 1877 llex
708 1822 843 1878 Maximus
862 1824 936 1878 Otto.

138 1960 163 2028 1.
205 1963 254 2024 De
275 1960 414 2044 praediis
434 1960 461 2021 si
482 1961 649 2022 contentio
671 1961 858 2038 emerserit,
888 1970 921 2022 et
941 1968 1079 2042 utraque
1097 1979 1170 2042 pars

62 2043 127 2108 sive
148 2049 178 2128 q)
200 2045 299 2104 altera
320 2065 394 2104 curn
422 2043 541 2104 chartis
571 2063 629 2105 seu
652 2043 883 2128 scriptionibus
912 2043 1081 2127 praedium
1108 2040 1170 2105 sibi

59 2128 227 2189 vendicare
247 2125 413 2199 voluerit3
438 2126 470 2188 ‘si
493 2126 569 2205 ille,
590 2124 649 2208 qui
677 2128 788 2190 falsam
815 2126 956 2187 chartam
986 2124 1171 2208 appellave-

56 2209 112 2287 rit,
133 2232 192 2294 per
213 2230 353 2292 pugnam
377 2208 539 2270 declarare
563 2209 722 2289 voluerit,
749 2219 786 2271 ut
808 2210 851 2271 ita
873 2209 944 2286 fiat,
967 2207 1170 2273 decernatur.

58 2290 116 2351 Sin
135 2292 239 2368 aliter,
263 2291 442 2353 secundum
458 2292 566 2375 priora
580 2293 723 2375 capitula¹
738 2291 982 2368 determinetur,
1005 2290 1170 2357 edicimus.

63 2373 110 2434 ll.
133 2375 182 2440 55.
203 2375 252 2451 54.

128 2474 203 2509 ronan
239 2459 317 2510 Petre
346 2464 375 2508 te
405 2456 526 2525 appellat
551 2456 711 2519 Martinus,
744 2458 819 2527 quod
834 2467 878 2510 ·tu
911 2467 989 2511 tenes
1013 2455 1064 2508 sihi
1097 2456 1170 2507 malo

58 2525 154 2578 ordine
177 2537 273 2579 terram
295 2529 324 2578 iu
350 2525 401 2577 tali
424 2529 495 2578 loco.
540 2525 602 2596 Ipsa
618 2537 689 2578 terra
706 2546 766 2580 mea
784 2531 891 2600 propria
910 2537 951 2582 est
967 2545 1015 2598 per
1034 2529 1168 2586 chartam,

58 2605 188 2665 quarata
212 2596 280 2648 mihi
304 2595 401 2647 fecisti.
438 2598 518 2648 Falsa
546 2606 586 2648 est
613 2598 671 2666 ipso
696 2597 797 2650 charta.
833 2601 880 2652 vis
904 2603 929 2652 ei
955 2597 1065 2650 ordire?
1089 2599 1169 2649 Volo.

57 2667 173 2720 Vadiate
190 2685 316 2736 pugnam.
338 2668 416 2718 Petre
432 2676 462 2718 te
482 2669 603 2737 appellat
620 2669 762 2731 Martinus,
782 2670 856 2737 quod
874 2679 905 2723 tu
932 2677 1009 2720 tenes
1027 2667 1079 2720 sibi
1097 2668 1171 2719 malo

58 2736 152 2788 ordine
176 2747 271 2789 terram
290 2735 319 2787 in
343 2737 394 2788 tali
412 2738 481 2792 loco.
519 2742 530 2789 1
554 2755 582 2790 sa
605 2745 676 2788 terra
693 2755 753 2788 mea
770 2739 878 2809 propria
903 2746 944 2791 est
964 2756 1013 2808 per
1038 2737 1169 2801 chartam,

62 2823 141 2874 quam
163 2808 229 2859 mihi
253 2807 321 2859 lecit
346 2807 478 2860 Donatus.
522 2757 556 2859 di
580 2823 645 2860 ecce
672 2806 783 2870 charta,
817 2827 900 2880 quam
926 2809 992 2861 mihi
1020 2808 1088 2858 lecit
1112 2808 1170 2876 ipse

65 2875 202 2929 Donatus
223 2877 304 2930 Tunc
326 2877 374 2946 qui
398 2877 484 2929 habet
512 2877 672 2930 anteriorem
693 2877 830 2940 chartam,
860 2879 949 2930 dicat:
986 2879 1054 2929 Tua·
1076 2875 1170 2928 charta

68 2946 134 2998 nihil
152 2946 215 2998 urihi
239 2947 370 3016 impedit,
396 2949 460 3016 quia
480 2957 574 3000 contra
593 2949 677 3014 legem
696 2957 745 3009 est,
771 2949 836 3016 quia
854 2957 998 3018 postquam
1017 2945 1084 2999 lecit
1102 2946 1170 2998 mihi

69 3033 144 3068 unam
166 3017 358 3079 traditionem,
384 3035 440 3070 non
464 3018 557 3086 potnit
577 3017 629 3070 tibi
653 3017 742 3070 lacere
760 3019 880 3072 alteram.
916 3019 996 3070 Tunc
1012 3016 1090 3085 ipse,
1123 3014 1170 3084 qui

69 3083 147 3138 babet
160 3088 332 3156 posteriorem
350 3087 480 3152 chartam,
501 3089 575 3140 dicat
593 3088 753 3141 anteriorem
771 3089 876 3146 salsam,
895 3095 923 3138 et
939 3086 1025 3138 saciat
1042 3102 1170 3156 pugnam,

67 3153 92 3204 si
114 3157 227 3210 voluerit.
266 3158 320 3210 Sed
336 3159 487 3210 secundum
504 3160 636 3212 Valentes
655 3159 702 3208 ita.
740 3161 818 3211 Petre
836 3167 864 3210 te
886 3157 1008 3227 appellat
1025 3155 1170 3217 Martinus,

63 3227 138 3292 qnod
162 3237 238 3290 terro,
259 3246 330 3298 qnae
349 3234 389 3280 est
408 3229 437 3280 in
454 3228 504 3281 tali
532 3229 605 3290 loco,
632 3246 681 3280 sua
709 3239 758 3292 est,
788 3247 870 3299 quam
894 3237 926 3278 tu
954 3236 1042 3287 tenes,
1062 3225 1170 3294 sibique

61 3297 228 3352 contradicis.
285 3297 362 3367 Quid
387 3299 422 3349 ad
449 3307 477 3350 te
503 3298 643 3367 pertinet?
688 3299 730 3352 Tu
754 3299 822 3350 mihi
851 3315 910 3350 eam
933 3295 1080 3350 vendidisti
1107 3313 1169 3346 enm

58 3365 165 3435 scripto.
200 3367 322 3419 Ostende
339 3368 390 3419 scri
411 3377 477 3419 tum.
506 3370 585 3421 Ecce.
614 3368 689 3424 lllud
707 3368 804 3420 falsum
823 3377 870 3421 est.
895 3367 943 3420 Vis
963 3364 1071 3418 ardire?
1088 3366 1168 3418 Volo.

58 3431 93 3486 Et
115 3445 144 3488 tu
169 3437 209 3490 ris
236 3387 410 3489 defenderei
446 3439 524 3491 Volo.
570 3438 687 3491 Vadiete
714 3445 838 3509 pugnam.
889 3439 968 3491 Putre
994 3447 1023 3490 te
1050 3437 1171 3506 appellet

57 3506 207 3569 Martinus,
236 3508 311 3578 quod
328 3516 408 3569 terra,
428 3525 499 3576 quae
516 3508 545 3559 in
562 3507 612 3560 tali
641 3509 703 3560 looo
723 3519 773 3574 est,
793 3528 841 3562 sna
860 3518 911 3570 est,
930 3526 1013 3577 quum
1030 3517 1062 3560 tu
1079 3518 1167 3568 tenes,

58 3575 163 3645 sibique
183 3577 357 3630 contradicis.
395 3579 470 3647 Quid
488 3578 567 3630 adse
585 3579 731 3647 pertinet?
767 3581 910 3640 Martinus,
930 3579 1008 3632 cuius
1027 3586 1096 3640 erat,
1117 3576 1169 3628 sibi

59 3646 156 3715 scripto
174 3648 304 3699 vendidit.
330 3637 388 3700 iloc
406 3647 473 3698 mihi
491 3666 547 3699 non
564 3658 657 3711 nocet,
678 3649 743 3718 quia
761 3651 834 3719 prius
847 3650 914 3702 mihi
931 3649 1031 3719 scripto
1045 3647 1170 3700 vendidit

61 3731 126 3777 eam,
139 3728 167 3770 et
182 3719 325 3769 ulterieam
340 3727 400 3787 post
421 3719 527 3769 tradere
544 3736 599 3772 non
613 3721 712 3789 potuit.
735 3722 810 3773 lllud
827 3721 955 3790 scriptum
973 3719 1103 3770 mihinon
1121 3735 1170 3768 no·

61 3793 112 3848 cet,
131 3787 358 3856 quiefalsnnaest.
378 3788 522 3857 Quomodo
543 3788 593 3849 vis,
612 3797 643 3841 ut
661 3789 838 3844 declaretur?
856 3793 906 3842 Per
923 3807 1047 3859 pugnans.
1085 3788 1170 3840 Cuius

60 3856 150 3924 placiti
174 3866 343 3910 sacramenta
359 3868 440 3921 sunt,
457 3858 504 3911 ita.
541 3859 705 3912 Felsatoris:
728 3863 770 3914 De
788 3861 852 3925 boc,
873 3861 947 3932 quod
966 3877 1014 3926 ego
1033 3854 1168 3929 appellavi

63 4018 417 4034 -ι--ι--ι-υ-

90 4087 118 4156 n)
136 4087 179 4139 sl.
199 4089 285 4142 Codd.
307 4111 361 4161 quo
381 4093 451 4156 glor.
479 4096 596 4163 Augusti
657 4095 687 4165 p)
704 4095 744 4145 Al.
754 4094 839 4148 Codd.
852 4089 1077 4147 convenientibus
1086 4113 1169 4148 cunc·

142 4160 270 4223 ononis,
297 4164 354 4215 Iler
378 4165 439 4215 Otto
458 4165 596 4234 gloriosus
652 4171 657 4178 '
713 4165 751 4214 tis
770 4177 797 4216 et
815 4165 1057 4218 consentientibus.

141 4229 231 4294 filius.
661 4234 690 4304 q)
707 4234 748 4286 sl.
769 4235 854 4288 Codd.
876 4234 943 4289 sine.

88 4297 115 4371 n)
137 4298 178 4356 bl.
198 4300 285 4353 Codd.
305 4303 449 4388 questibus.
