2734 4990
516 293 775 346 tinnltneaoen
989 317 992 324 -
1075 356 1079 366 ¹
1128 269 1197 342 421

472 431 654 513 Traditoria
674 431 712 490 de
735 444 827 493 terra.

189 539 314 604 xxiv,
353 535 470 601 Notilia
486 538 626 620 qualiter
648 547 681 601 et
694 536 812 620 quihus
828 535 1046 620 praesentibus
1068 537 1201 598 veniens

104 625 206 686 botrio
224 623 336 706 aliquis
355 623 534 686 Advocatus
548 620 657 683 Satieti
672 620 773 698 illius,
796 629 856 686 ete.
873 631 908 680 ut
926 639 1031 704 supra.
1044 639 1115 703 pag.
1131 619 1201 697 564.

348 737 501 799 Precurin
521 733 560 796 de
575 736 646 820 ipsu
665 733 748 796 villa
772 732 850 795 dum
873 733 961 796 vivit.

188 843 285 907 XXV.
326 843 467 906 Domino
492 841 672 904 venerabili
696 843 730 902 in
757 840 884 903 Christo
907 839 995 904 Patri
1015 839 1141 902 Domno
1156 839 1204 902 ill.

109 925 220 988 Abbati
251 927 290 988 de
314 925 510 987 Monasterio
534 924 588 996 ill.
614 925 666 986 vel
697 922 785 984 omni
817 921 1058 1006 congregationi
1090 922 1205 984 Mona·
1267 989 1272 1000 ⁴

108 1009 239 1070 chorum
261 1008 302 1088 in
316 1006 510 1069 Monasterio
531 1005 600 1084 illo,
621 1006 709 1087 quod
730 1013 778 1068 est
798 1004 931 1088 inpage
956 1004 1030 1082 illo,
1046 1003 1081 1064 in
1100 1002 1206 1064 hono·

106 1111 173 1152 rem
191 1087 381 1152 Sanctorum
406 1089 537 1150 illorum
557 1097 753 1162 constructo,
780 1087 900 1149 ibidem
916 1089 986 1148 Deo
1002 1084 1206 1162 deservienti,

105 1185 165 1256 ¹ego
193 1173 280 1233 enim
311 1173 378 1234 ille.
438 1174 524 1232 Dum
555 1191 619 1232 non
650 1169 788 1232 habetur
816 1169 1034 1251 incognitum,
1066 1167 1123 1230 sed
1153 1168 1206 1226 in-

96 1265 156 1316 ·ter
177 1255 287 1337 plures
320 1254 542 1337 cognoscitur,
577 1251 666 1334 quod
690 1273 749 1334 ego
775 1272 826 1313 res
854 1273 939 1312 meas
961 1249 1040 1312 iuris
1066 1271 1104 1311 ac
1130 1270 1209 1332 pro·

104 1337 250 1416 prietatis
274 1358 374 1414 meae,
396 1355 478 1417 qnae
502 1335 635 1396 suntin
660 1356 741 1417 pago
767 1332 828 1394 illo
855 1342 887 1394 ct
910 1331 975 1394 illis
995 1331 1132 1395 conditis
1153 1330 1206 1392 vel

107 1419 225 1479 finibus
249 1418 326 1493 illis,
358 1416 505 1478 villas'et
524 1418 597 1478 loca
625 1421 809 1498 nuncupata
831 1414 879 1475 ill.
906 1423 938 1476 et
957 1414 1005 1480 ill.
1025 1436 1100 1476 cnm
1120 1414 1209 1474 omni

108 1500 224 1561 merito
251 1499 302 1560 vel
328 1499 468 1560 termino¹
487 1519 563 1576 suo,
593 1519 666 1559 cum
691 1497 779 1558 omni
807 1495 990 1579 integritate
1015 1496 1071 1559 vel
1091 1515 1209 1580 appen-

21 1629 27 1641 .
110 1582 217 1660 illeiis,
237 1581 290 1642 vel
321 1581 526 1656 adiacentii's,
546 1580 598 1642 uel
624 1578 853 1663 suprapositis,
875 1599 933 1640 seu
952 1575 1061 1642 servos
1092 1586 1124 1639 et
1150 1597 1209 1637 an-

112 1665 229 1739 cillas,
259 1664 400 1740 accolas,
429 1662 580 1738 libertos,
610 1660 754 1738 libertas,
787 1659 872 1735 euml
888 1659 975 1721 omni
997 1659 1154 1741 peculiari
1175 1669 1208 1720 et

113 1744 229 1805 rnerito
251 1765 372 1823 eorum,
400 1745 438 1804 ad
468 1744 534 1804 iam
551 1743 669 1805 dietum
684 1741 951 1805 Monasterinmb
981 1741 1033 1806 die
1051 1740 1211 1825 praesenti

116 1847 178 1907 per
204 1847 304 1887 meam
333 1825 729 1907 epistolamlconlirmavi,
746 1833 787 1886 ‘et
810 1846 866 1886 vos
887 1824 994 1884 omnia
1019 1842 1125 1906 supra*
1142 1843 1211 1884 me-

113 1918 234 1968 morata
253 1909 305 1968 vel
336 1918 489 1990 quantum
514 1904 582 1990 ipsa
608 1908 741 1991 epistola
766 1915 1009 1987 commemorat,
1030 1925 1090 1990 per
1110 1923 1212 1966 meam

110 1989 316 2050 traditionem
346 1990 385 2052 ad
407 2000 530 2072 partem
553 1989 614 2049 iam
644 1988 722 2051 dicti
746 1988 933 2051 Monasterii
958 1990 992 2048 in
1013 1996 1119 2051 vestro
1141 1986 1211 2048 inre

110 2072 165 2132 vel
183 2079 336 2152 potestate
362 2072 543 2154 recepistis;
565 2073 622 2134 sed
641 2072 718 2132 dum
732 2078 840 2155 postea
860 2091 930 2140 mea
944 2071 1009 2132 fuit
1025 2067 1138 2158 petitio
1157 2069 1210 2130 vel

112 2153 313 2234 supplicatio,
335 2163 367 2214 et
385 2163 495 2220 vestra,
512 2153 671 2236 praestitit
695 2153 778 2214 bona
800 2152 971 2232 voluntas,
995 2163 1032 2214 nt
1055 2152 1138 2236 ipsas
1160 2171 1210 2212 res

86 2235 258 2319 ,quandin
281 2235 443 2317 advixero,
464 2257 524 2318 per
552 2245 692 2298 vestrum
721 2235 906 2316 praestitum
925 2234 1120 2297 beneficium
1135 2241 1210 2292 ten-
1236 2281 1240 2292 .

108 2316 273 2377 tnmmodo
303 2318 539 2379 usufructuario
565 2319 679 2379 ordine
710 2315 842 2376 habeam
869 2317 923 2378 vel
946 2317 1141 2400 possideam,
1171 2335 1210 2375 ec

108 2398 262 2460 videlicet
293 2400 388 2460 modo
409 2411 446 2461 ut
470 2401 646 2482 quicquam
671 2400 790 2461 exinde
820 2399 987 2459 minuendi
1016 2407 1071 2460 ant
1094 2396 1210 2462 distra-

108 2479 210 2540 liendi
232 2489 287 2541 ant
309 2481 472 2542 alienandi
492 2504 556 2542 non
578 2481 712 2543 babeam
740 2489 938 2563 potestatem.
979 2479 1121 2560 Quodsi
1141 2480 1211 2540 fue-

109 2562 274 2643 rit‚,qu0d
295 2563 387 2640 absit,
410 2571 464 2622 ant
485 2585 543 2646 ego
566 2563 644 2644 ipse,
665 2572 719 2623 aut
742 2563 858 2646 aliquis
877 2563 916 2625 de
937 2562 1109 2624 heredibus
1131 2560 1211 2622 meis

111 2646 169 2704 vel
186 2643 340 2726 quislibet
363 2645 419 2728 qui
455 2644 489 2705 in
520 2645 628 2727 aliqua
656 2647 880 2708 contrarietate
914 2655 970 2708 ant
995 2645 1210 2707 diminutione

75 2783 78 2786 .
112 2745 170 2788 seu
199 2727 359 2787 calumnia
381 2737 450 2787 orta
470 2728 579 2806 fuerit,
601 2737 655 2788 ant
676 2729 872 2806 surrexerit,
901 2737 957 2789 aut
980 2727 1090 2790 adesse
1111 2747 1212 2788 cona-¹

112 2807 292 2885 tus‘luerit,
314 2809 346 2868 in
369 2809 480 2891 primis
503 2811 591 2892 ipsas*
609 2832 659 2870 res
680 2809 818 2888 amittat,
845 2813 877 2871 et
899 2810 1003 2883 dbhns
1024 2807 1210 2884 Monasterii

113 2889 212 2952 ‚vestri
232 2910 284 2950 eas
309 2893 349 2952 ad
376 2893 537 2974 integrum
554 2892 708 2973 recipiat,
731 2892 862 2973 insuper
883 2901 916 2951 et
935 2893 1013 2952 alias
1031 2899 1133 2954 tantas
1158 2911 1209 2951 res

111 2971 257 3052 partibus
286 2971 382 3054 ipsius
408 2974 593 3035 lllonasterii
621 2994 813 3055 componere
839 2981 872 3032 et
902 2972 1076 3051 adimplere
1104 2972 1208 3033 faeiat.

112 3053 157 3112 Et
178 3053 253 3133 quia
274 3055 415 3116 sensistis
438 3077 487 3118 me
510 3057 602 3117 annis
621 3055 755 3131 singulis
780 3075 841 3134 pro
862 3052 939 3135 ipsis
958 3055 1053 3116 rebus
1073 3053 1107 3114 in
1127 3055 1211 3117 festo

113 3135 224 3195 Sancti
246 3135 293 3200 ill.
315 3140 480 3218 argentum
499 3139 551 3200 vel
575 3139 734 3220 quidlibet
754 3137 877 3198 solvere
900 3134 1028 3212 faciam,
1046 3133 1073 3196 si
1098 3136 1137 3196 de
1159 3135 1209 3214 ip«

27 3293 30 3299 .
112 3234 160 3278 so*
179 3238 278 3278 censu
299 3218 339 3278 ad
363 3240 436 3278 eum
462 3219 614 3301 placitum
633 3219 799 3302 negligens
819 3218 924 3295 fuero,
944 3217 1087 3297 spondeo
1109 3225 1144 3277 nt
1160 3217 1211 3297 ip,

111 3319 184 3358 sum
215 3298 248 3358 in
278 3299 413 3380 duplum
440 3303 570 3364 solvam.
615 3302 659 3362 At
685 3301 765 3370 dunt
786 3299 867 3361 haee
892 3299 998 3360 omnia
1023 3321 1119 3382 supra
1148 3319 1210 3358 me·

112 3388 235 3448 morata
259 3380 392 3444 inlibata
418 3405 607 3460 servavero,
626 3403 691 3443 nec
719 3403 773 3442 vos
803 3403 864 3444 nec
891 3381 1034 3445 iuniores
1058 3393 1114 3443 aut
1139 3402 1210 3443 suc·

110 3484 254 3524 cessores
272 3465 369 3526 vestri
388 3465 432 3535 ¹de
454 3457 531 3546 ipsis
558 3466 654 3526 rebus
680 3465 778 3524 ullam
798 3464 1044 3526 diminutionem
1064 3466 1118 3534 uel
1137 3483 1212 3525 conv

111 3545 320 3622 uarietatem,
342 3547 369 3608 si
389 3549 527 3629 spatium
550 3549 634 3609 vitae
654 3549 810 3618 Dominus
832 3547 911 3607 mihi
935 3549 1127 3630 prolongare
1145 3546 1212 3627 dig-

112 3635 207 3688 natus
229 3629 462 3706 fuerit,‘faeere
478 3629 699 3712 praesumatis.
728 3632 805 3691 Post
818 3650 924 3691 meum
942 3652 1072 3712 quoque
1092 3629 1212 3692 disces-

109 3729 184 3772 sum
204 3731 314 3772 omnes
329 3712 410 3792 ipsa's
429 3731 492 3789 res,
515 3712 687 3773 cumomni
704 3713 814 3784 addita„
830 3713 1052 3776 melioratione
1069 3713 1121 3775 vel
1143 3733 1212 3774 om·

109 3791 210 3852 nibus
230 3792 445 3875 suprapositis,
468 3815 542 3854 cum
564 3795 712 3856 omnibns
727 3795 823 3856 rebus
843 3803 938 3875 atque
953 3795 1157 3876 corporibus,
1180 3816 1225 3852 o·-

110 3869 207 3955 pibns
233 3882 327 3954 atque
351 3875 536 3956 praesidiis,
556 3878 674 3959 absque
704 3878 803 3938 ullius
835 3876 949 3939 iudicis
977 3873 1041 3938 aut'
1055 3879 1213 3939 heredum

108 3976 258 4016 meorum
284 3964 451 4036 expectata
474 3959 714 4040 consignatione
742 3967 798 4019 ant
821 3958 993 4022 traditione
1015 3967 1153 4028 vosaut
1177 3981 1210 4017 a-

109 4047 224 4119 gentes
252 4037 350 4098 vestri
376 4039 438 4097 iarn
464 4039 543 4105 dicti
564 4041 748 4110 monasterii
769 4039 867 4102 vestri
895 4041 929 4101 in
960 4062 1072 4102 eorum
1094 4041 1215 4104 faciant

108 4137 262 4182 revocare
284 4121 336 4180 vel
358 4122 503 4202 recipere
528 4122 780 4186 dominationem
808 4118 862 4183 vel
892 4130 1100 4204 potestatem,
1130 4125 1214 4186 sicut

110 4221 224 4264 eornm
244 4201 388 4264 continet
406 4204 548 4288 epistola,
569 4205 799 4291 perpetualiter
814 4204 962 4280 faciendo
975 4204 1063 4292 qnod
1079 4208 1221 4290 egerint
