2734 4990
157 285 230 358 tao
588 309 591 316 ·
616 299 805 355 renitetur

156 443 279 504 minum
312 440 404 500 nobis
441 461 510 499 eum
541 439 580 498 ud
612 441 828 502 excolendum
860 441 1063 525 reddidistis,
1091 457 1267 530 propterea

155 529 239 587 huuc
259 524 436 608 precariam
462 520 669 580 dominationi
703 533 822 584 vestrae
847 527 1033 607 emittimus,
1056 538 1091 588 nt
1113 530 1265 610 quandiu

155 609 243 689 vobis
270 604 428 688 placuerit
455 611 490 662 ut
519 623 587 662 eum
613 613 759 680 teneam,
795 607 913 688 absque
943 610 1012 670 ullo
1035 618 1142 672 restro
1166 635 1268 693 prae-

155 691 289 766 iudicio,
314 685 470 769 quicquid
496 685 614 765 reliqui
644 687 786 746 aceolani
810 690 906 750 vestri
928 692 1068 769 faciunt,
1099 715 1157 755 nos
1183 695 1266 754 red-

156 774 231 832 dere
260 771 460 854 spondemus.
504 769 598 842 Quod
627 769 652 827 si
677 789 740 826 uon
763 770 945 850 fecerimus,
968 785 1000 834 et
1022 775 1054 833 iu
1075 774 1138 836 boc
1159 777 1269 857 negli-

154 863 281 936 gentes,
314 852 417 925 tardi,
441 858 496 907 aut
520 858 723 910 contumaces
744 853 921 930 fuerimus,
943 857 1071 938 publice
1095 858 1266 938 perhanc
1348 884 1349 909 1

152 936 345 1020 precariam,
368 955 403 992 ac
427 931 454 990 si
478 952 604 1010 sempor
631 951 690 1012 per
711 935 973 1016 quinquennium
1000 948 1155 999 renovata
1176 940 1268 1001 fuis·

152 1029 210 1096 set,
243 1012 463 1088 condemnati,
487 1022 521 1071 ut
545 1015 610 1072 Lex
634 1017 792 1093 praestitit
820 1019 917 1079 tardis
951 1029 983 1081 et
1007 1021 1264 1103 negligentibus,

152 1103 191 1162 de
226 1101 292 1182 ipsa
318 1110 403 1158 terra
439 1116 496 1153 uos
532 1095 733 1175 pontificium
763 1099 904 1161 habeatis
934 1103 1098 1164 eiiciendi.
1161 1105 1265 1167 Facta

151 1181 295 1266 precaria
316 1179 360 1239 ibi
382 1177 440 1239 sub
466 1176 517 1238 die
546 1177 614 1256 illo,
637 1201 722 1239 auno
746 1180 817 1260 illo,
839 1182 898 1243 illo
921 1185 1017 1268 Rege.

651 1295 767 1357 Cessio.

232 1405 313 1472 CLI.
356 1405 507 1466 Laterum
535 1405 656 1485 Legum
681 1405 851 1468 auctoritas
875 1416 906 1468 et
926 1407 1118 1490 Principum
1145 1407 1261 1471 deere-

151 1501 182 1553 ta
204 1497 378 1552 sanxerunt
407 1497 443 1548 ut
472 1489 713 1568 unusquisque,
745 1490 821 1548 dum
844 1500 951 1550 manet
973 1490 1006 1550 in
1034 1510 1188 1574 corpore,
1220 1492 1262 1553 de

149 1572 278 1656 propria
300 1590 396 1651 quam
425 1569 567 1652 possidet
591 1571 742 1631 facultate
765 1571 789 1631 si
820 1573 900 1652 quid
932 1573 1023 1634 alteri
1049 1575 1260 1650 concesserit,

150 1657 350 1731 voluntatem
373 1673 460 1713 suam
484 1652 623 1733 gestibus
648 1659 702 1712 aut
732 1653 864 1714 testibus
893 1664 948 1715 aut
976 1656 1132 1737 scriptura
1163 1657 1262 1737 profi·
1348 1674 1349 1711 3

149 1747 265 1812 teatur,
280 1744 323 1798 ¹ut
339 1735 536 1816 perennibus
562 1734 758 1814 temporibus
780 1735 933 1797 inviolata
954 1746 1147 1819 permaneat.
1192 1738 1261 1818 Igi·
1347 1737 1348 1780 l

149 1829 202 1880 tur
230 1840 288 1899 ego
319 1817 352 1875 in
380 1817 443 1877 Dei
469 1817 598 1877 nemine
627 1818 681 1876 ille
711 1817 768 1877 tihi
798 1817 886 1878 fideli
910 1831 1017 1880 nostro
1045 1819 1125 1880 cedo
1154 1820 1172 1880 d
1206 1820 1259 1880 die

148 1910 315 1986 praesente
339 1909 401 1960 ete
423 1911 457 1958 ut
483 1919 578 1980 supra
595 1920 667 1982 pag.
692 1901 761 1980 376.

375 2012 521 2074 Traditio
545 2012 714 2094 cuicunque
744 2014 870 2076 tradere
892 2017 1032 2082 voluerit.

168 2110 172 2116 ’
229 2119 325 2181 CLII.
368 2117 498 2178 Lateres
523 2115 645 2198 Legum
664 2130 840 2180 sanxerunt
863 2129 899 2180 ut
923 2122 979 2202 qui
1010 2123 1049 2184 de
1080 2121 1151 2184 iure
1178 2143 1257 2205 pro·

145 2201 218 2287 prio
246 2200 344 2261 alicui
376 2199 499 2280 aliquid
529 2199 656 2259 tradere
684 2202 843 2281 voluerit,
877 2203 940 2262 hoc
969 2227 1074 2274 coram
1106 2205 1255 2300 pluribus

145 2283 280 2346 testibus
306 2303 364 2364 per
386 2282 617 2362 seripturarum
643 2281 777 2344 firmiter
797 2284 913 2345 seriem
934 2287 1031 2347 faciat
1050 2286 1198 2369 obligari,
1220 2296 1257 2346 ut

145 2369 180 2429 in
212 2385 324 2426 aerum
357 2362 581 2423 inconvulsum
606 2364 710 2424 valeat
730 2388 928 2446 permanere.
978 2371 1101 2430 Idcirco
1130 2391 1190 2450 ego
1220 2369 1256 2427 iu

146 2449 208 2509 Dei
233 2445 362 2506 nomine
394 2444 450 2504 ille
482 2445 658 2504 venerabili
681 2447 751 2507 viro
778 2449 838 2508 illi.
881 2451 976 2511 Dono
1007 2452 1169 2533 siquidem
1192 2451 1257 2510 tibi

143 2528 307 2612 perhanc
329 2527 505 2586 chartulam
525 2527 715 2606 traditionis,
735 2530 802 2590 sire
822 2553 881 2612 per
901 2533 1055 2594 festucam
1078 2545 1174 2614 atque
1196 2553 1259 2614 per

146 2608 535 2690 a'ndelangum,=aliquam
558 2630 626 2668 rem
649 2632 750 2671 meam
776 2612 809 2672 in
830 2635 910 2695 pago
928 2616 997 2693 illo,
1029 2618 1062 2675 in
1083 2618 1155 2676 loco
1173 2637 1260 2674 nun-

145 2702 260 2774 cupato
293 2691 368 2766 illo,
404 2712 501 2771 super
531 2689 664 2751 fluvium
690 2693 806 2770 illum,
836 2695 957 2774 idest,
989 2721 1114 2760 mansos
1137 2707 1260 2775 tantos,

147 2797 220 2837 cum
246 2773 432 2834 hominibus
459 2773 578 2832 ibidem
605 2777 878 2838 commanentibus
907 2779 960 2839 vel
987 2779 1260 2862 adspicientibus,

145 2879 220 2921 cum
248 2855 343 2916 terris
376 2855 563 2929 arabilibus,
595 2857 701 2933 silvis,
732 2859 869 2940 campis,
897 2865 1014 2941 pratIs,
1037 2863 1180 2945 pascuis,
1203 2861 1264 2922 vel

146 2938 305 3022 quicquid
330 2939 362 2995 in
388 2937 456 3017 ipso
478 2939 549 2997 loco
571 2949 677 2997 nostra
699 2938 827 2999 videtur
850 2963 917 3002 esse
944 2947 1099 3025 possessio
1121 2943 1174 3003 vel
1198 2943 1265 3002 do-

145 3021 290 3096 minatio,
313 3019 346 3078 in
372 3042 409 3079 ea
432 3040 507 3079 vero
529 3020 653 3080 ratione
679 3029 714 3078 ut
736 3022 773 3080 ab
797 3022 856 3082 hae
888 3025 939 3085 die
967 3028 1029 3086 hoc
1057 3027 1185 3100 habeas,
1207 3033 1260 3085 te-

143 3127 231 3182 neas,
257 3111 352 3184 atque
381 3102 554 3182 possideaS,
576 3102 628 3160 vel
653 3103 811 3183 quicquid
834 3106 951 3168 exinde
972 3111 1076 3170 l'acerc
1101 3106 1263 3183 volueris,

143 3186 279 3248 liberam
299 3186 331 3243 in
355 3184 503 3244 ornuibus
527 3183 643 3243 habeas
660 3193 856 3264 potestatem.
898 3189 940 3248 Et
959 3191 984 3251 si
1007 3192 1079 3272 quis
1100 3188 1262 3269 deinceps

144 3270 233 3351 quod
255 3269 399 3327 futurum
421 3288 488 3326 esse
516 3267 580 3324 non
605 3268 713 3343 credo,
736 3269 762 3326 si
789 3290 848 3350 ego
871 3270 949 3351 ipse,
973 3273 1061 3354 quod
1085 3271 1176 3345 absit,
1199 3280 1263 3328 aut

144 3352 232 3412 ullus
261 3347 414 3430 quislibet
435 3349 474 3406 de
502 3347 674 3408 heredibus
705 3350 807 3427 meis,
834 3372 891 3410 seu
914 3356 1076 3433 quaelibet
1102 3361 1262 3414 extranea

143 3454 298 3518 persona,
334 3440 445 3489 contra
467 3429 551 3489 hanc
574 3431 780 3492 traditionem
809 3434 897 3492 ame
919 3449 1031 3521 sponte
1057 3438 1172 3496 factam
1195 3433 1265 3491 ali-

170 3537 244 3574 uam
270 3511 465 3573 calumniam
497 3533 651 3592 generare
678 3515 943 3596 praesumpserit,
974 3519 1138 3580 exsolvere
1161 3515 1265 3574 faeiat

146 3537 322 3678 dupliciter
343 3603 502 3673 quantum
522 3615 559 3653 eo
585 3603 727 3677 tempore
756 3597 821 3676 ipsu
841 3617 892 3658 res
914 3603 1019 3661 valere
1047 3597 1264 3684 dignoscitur,

149 3687 183 3740 et
203 3676 290 3760 quod
305 3676 422 3756 repetit
447 3676 539 3736 nullo
561 3678 655 3736 modo
677 3678 860 3740 evindicare
889 3685 1090 3761 praevaleat,
1112 3681 1168 3741 sed
1189 3701 1266 3736 ma-

150 3760 198 3844 gis
219 3778 368 3842 praeseus
397 3757 476 3818 haec
498 3758 663 3837 chartula,
697 3763 801 3820 tam'al
822 3783 871 3820 me
894 3783 990 3843 quam
1012 3767 1050 3825 ab
1073 3764 1142 3824 aliis
1163 3761 1265 3821 bonis

149 3840 335 3906 homiuibus
365 3841 528 3914 roborata,
555 3841 806 3925 omnitempore
839 3843 927 3906 firma
947 3855 1151 3930 permaneat,
1184 3863 1266 3905 eum

151 3923 357 4008 stipulatione
374 3921 571 4006 interposita.
610 3923 735 3990 Actum.

526 4031 709 4092 Traditoria
729 4032 768 4092 de
790 4046 884 4099 terra.

240 4123 663 4206 cantuarensium
686 4140 801 4224 anquis
828 4142 957 4205 nomine
980 4143 1035 4205 tue
1058 4143 1090 4202 in
1111 4157 1193 4222 pago
1223 4140 1266 4201 u-

157 4227 214 4305 lo,
252 4223 286 4283 in
319 4223 477 4306 leco-qui
511 4222 630 4285 dicitur
658 4222 742 4302 ille,
780 4233 853 4286 ante
884 4223 985 4288 bonos
1019 4223 1265 4306 hominesqui
