2734 4990
142 266 218 342 402
602 249 794 346 roarruule

142 449 195 489 mo
216 426 404 511 nuptiarum
432 426 563 489 insimul
592 447 650 490 nos
675 429 765 491 Deus
793 428 1022 508 coniunxerit,
1053 429 1111 493 istu
1139 434 1247 496 omnia

140 510 289 592 superius
310 510 491 592 conscripta
512 511 545 572 in
568 519 624 571 tua
643 519 854 594 permaneant
873 512 1090 577 dominatione
1112 513 1152 576 ad
1170 537 1247 602 pos-

139 593 320 660 sidendum.
362 593 492 677 Siquis
516 614 593 656 vero
616 603 677 656 etc.
792 602 797 609 '

509 723 632 787 Notitia
653 723 693 787 de
714 723 878 811 mancipio.

111 908 118 916 ,
218 838 277 903 Vl.
319 837 404 903 Cum
432 837 684 900 resedisset·ille
709 839 859 922 Vigarius
891 836 1036 902 inlustris
1066 838 1128 902 viri
1154 839 1243 906 illius

136 923 270 986 Comitis
293 921 328 982 iu
350 921 408 982 illo
433 922 531 981 mallo
558 921 710 1003 publico,
733 944 799 982 una
822 943 896 984 cum
918 923 996 1004 ipsis
1023 923 1167 985 Scabinis
1185 928 1243 1008 qui

135 1006 169 1066 in
192 1006 261 1087 ipso
283 1005 381 1065 mallo
404 1002 597 1064 resedebant
618 1004 658 1064 ad
680 1024 787 1066 causas
814 1006 989 1065 audiendas
1010 1008 1060 1066 vel
1083 1016 1170 1074 recta
1189 1011 1240 1067 iu-

135 1089 220 1150 dicia
246 1085 469 1156 terminanda;
501 1085 610 1165 ibique
636 1085 772 1147 veniens
801 1087 977 1147 Monachus
1001 1087 1112 1148 Sancti
1141 1088 1240 1167 illius,

134 1168 188 1232 vel
208 1170 264 1230 ille
285 1169 390 1231 Abhas
406 1167 536 1228 nomine
552 1168 622 1245 illo,
644 1169 684 1228 de
698 1168 757 1229 illo
787 1169 992 1245 Monasterm,
1006 1192 1069 1230 una
1089 1191 1163 1229 cum
1179 1171 1241 1231 Ad-

134 1261 246 1313 vocato
264 1251 374 1313 Sancti
390 1250 479 1312 illius
495 1250 625 1310 nomine
643 1249 712 1325 illo,
725 1250 876 1310 feminam
892 1252 1032 1332 aliquam
1055 1253 1184 1313 nomine
1199 1253 1241 1312 il·

134 1335 199 1393 lam
221 1333 467 1414 interpellabat,
489 1333 655 1415 repetebat
681 1333 711 1392 ei
734 1333 811 1394 dum
838 1333 962 1394 diceret
983 1356 1020 1393 eo
1042 1335 1130 1415 quod
1151 1334 1240 1395 colo-

136 1437 177 1475 na
199 1425 280 1477 esset
304 1417 416 1479 Sancti
451 1415 556 1490 illius,
586 1415 626 1476 de
651 1423 741 1474 curte
771 1436 827 1476 sua
854 1437 936 1498 quae
965 1415 1085 1478 dicitur
1110 1416 1178 1492 illa,
1200 1417 1241 1476 de

133 1507 223 1581 parte
244 1497 333 1559 aviae
359 1518 435 1558 suae
460 1497 589 1557 nomine
610 1494 698 1556 illius
720 1497 899 1576 quondam,
929 1506 960 1557 et
982 1498 1049 1579 ipsa
1070 1499 1125 1558 illa
1147 1508 1178 1558 et
1200 1499 1240 1558 de

133 1583 207 1662 ipso¹
229 1579 361 1641 servitio
383 1579 491 1640 Sancti
512 1577 601 1639 illias
624 1577 791 1660 negligens
813 1580 937 1650 aderat,
961 1582 1016 1640 sed
1035 1581 1101 1662 ipsa
1120 1579 1241 1639 femina

135 1664 174 1724 de
198 1663 357 1745 praesenti
385 1663 509 1721 adstare
537 1661 723 1737 videbatur,
752 1671 784 1720 et
804 1661 989 1722 nullatenus
1020 1661 1133 1721 habuit
1153 1662 1241 1745 quod

134 1745 261 1822 dicere,
293 1765 354 1805 nec
380 1763 559 1824 opponere,
591 1763 652 1804 nec
680 1742 807 1802 tradere
835 1743 976 1804 rationes
1003 1765 1062 1826 per
1092 1766 1169 1827 quas
1199 1744 1239 1804 de

134 1827 203 1908 ipso
229 1825 362 1888 servitio
384 1825 493 1886 Sancti
516 1825 603 1885 illius
624 1846 657 1886 se
681 1824 864 1885 abstrahere
886 1827 1062 1905 potuisset,
1084 1830 1129 1887 sic
1154 1827 1184 1886 ei
1207 1825 1240 1884 in

132 1908 294 1992 praesenti
316 1908 380 1968 fuit
401 1907 588 1984 iudicatum,
613 1916 649 1967 ut
672 1908 776 1988 ipsum
803 1907 970 1967 servitium
999 1909 1108 1970 Sancti
1139 1908 1239 1984 illius,

132 1991 219 2051 ande
242 1989 409 2071 negligens
433 1990 558 2064 aderat,
587 1987 649 2071 ipsi
670 1990 835 2050 Advocato
864 1989 973 2049 Sancti
1007 1991 1095 2051 illius
1122 2011 1240 2051 reuva-

132 2073 221 2132 diare
243 2073 384 2138 deberet.
427 2072 525 2148 Quod
545 2072 587 2131 ita
610 2081 641 2132 et
662 2071 751 2148 fecit,
773 2082 856 2132 etse
880 2071 919 2131 ad
942 2073 1045 2155 ipsum
1071 2073 1240 2134 servitium

133 2153 243 2214 Sancti
264 2155 354 2214 illius
377 2153 422 2213 ibi
449 2173 481 2214 se
504 2153 538 2212 in
562 2154 723 2234 praesenti
743 2153 930 2220 recredidit.
971 2155 1098 2216 Exinde
1120 2175 1240 2235 oppor-

131 2247 248 2296 tunum
267 2232 331 2295 fuit
351 2234 436 2318 ipsos
457 2237 631 2295 Monachos
653 2236 763 2296 Sancti
794 2236 900 2313 illius,
929 2238 980 2298 vel
1003 2237 1108 2318 ipsum
1134 2237 1240 2296 Advo-

133 2329 240 2379 catum
256 2318 365 2378 Sancti
388 2316 518 2378 nomine
540 2318 645 2394 illum,
668 2319 763 2378 talem
791 2317 937 2378 notitiam
967 2327 1040 2380 ante
1062 2319 1143 2400 ipsas
1162 2339 1240 2398 per-

132 2422 224 2460 sonas
246 2421 329 2482 quae
352 2400 385 2459 in
407 2399 477 2481 ipso
499 2401 597 2461 mallo
619 2399 802 2461 residebant
822 2401 1032 2483 manibusque
1061 2421 1173 2460 eorum
1188 2421 1240 2459 ro-

131 2481 255 2544 boratas
277 2480 442 2563 accipere,
477 2483 564 2562 quod
594 2482 637 2544 ita
662 2492 694 2543 et
720 2484 888 2558 fecerunt,
919 2493 955 2544 ut
981 2483 1069 2542 omni
1095 2492 1240 2564 tempore

132 2564 200 2647 ipse
224 2565 407 2640 advocatas,
428 2563 480 2624 vel
499 2586 569 2624 casa
592 2574 699 2625 sancta
723 2565 778 2624 illa
801 2565 853 2625 vel
875 2564 931 2626 ille
951 2565 1066 2641 Abbas,
1088 2565 1141 2624 vel
1163 2587 1239 2625 suc-

132 2668 274 2708 cessores
295 2645 355 2722 sui,
379 2646 479 2728 ipsam
501 2646 655 2706 feminam
681 2647 827 2727 superius
849 2647 1044 2708 nominatam
1063 2647 1115 2707 vel
1139 2669 1239 2728 agna-

130 2729 253 2790 tionem
265 2749 364 2788 'suam
386 2729 426 2790 ad
453 2750 532 2809 opus
558 2728 667 2788 Sancti
689 2729 776 2789 illius
797 2727 937 2789 habeant
958 2729 1171 2790 evindicatam
1189 2737 1239 2788 at-

131 2833 195 2892 que
217 2811 402 2891 elitigatum.
450 2811 676 2871 Praesentibus
702 2811 752 2871 his
775 2833 914 2891 quorum
937 2810 1118 2896 praesentia
1132 2819 1239 2873 actum

132 2893 205 2954 fuit.
246 2896 345 2956 Facta
368 2890 481 2953 notitia
503 2893 537 2952 in
560 2894 632 2954 loco
654 2893 712 2954 illo
733 2893 916 2977 publiciter.

424 3011 426 3016 ⁸
494 3021 616 3085 Noricis
636 3020 676 3082 de
697 3020 878 3083 homicidio.

180 3165 183 3170 ·
211 3132 291 3201 Vll.
332 3132 418 3197 Dum
448 3145 481 3198 et
500 3157 560 3219 per
585 3137 694 3218 plures
711 3133 859 3197 homines
879 3133 1013 3218 ponitur
1031 3136 1144 3198 notitia
1161 3159 1237 3218 qua-

126 3221 202 3282 liter
221 3219 356 3282 venicns
380 3219 478 3279 homo
500 3220 619 3300 aliquis
642 3218 772 3278 nornine
799 3218 856 3278 ille
878 3220 910 3277 in
932 3221 1155 3296 contubernio,
1176 3222 1238 3280 ho-

124 3305 246 3364 minem
270 3303 415 3384 aliquem
443 3302 573 3362 nomine
597 3302 691 3362 illum
717 3301 820 3382 ipsum
844 3301 963 3362 ibidem
985 3303 1182 3380 adsallisset,
1205 3314 1239 3365 et

96 3394 100 3398 ’
125 3384 369 3469 ipsum'ihidem
395 3385 609 3445 interfecisset
627 3385 681 3446 vel
701 3384 891 3451 occidisset;
920 3385 976 3444 sed
994 3385 1161 3445 venientes
1184 3408 1238 3468 pa-

123 3479 231 3529 rentes
254 3477 286 3528 et
308 3466 400 3525 amici
427 3466 526 3548 ipsius
546 3466 684 3527 hominis
710 3467 871 3526 interfecti
891 3477 965 3525 ante
994 3467 1163 3527 inlustrem
1185 3468 1237 3529 vi-

123 3573 197 3611 rum
230 3551 324 3608 illum
349 3548 531 3624 Comitem,
566 3549 818 3630 interpellabant
847 3549 952 3629 ipsum
982 3548 1147 3609 hominem
1178 3550 1236 3630 qui

123 3651 235 3692 eorum
258 3640 426 3712 parentem
449 3631 480 3688 in
505 3631 719 3692 contubernio
739 3631 917 3690 adsallisset
935 3631 985 3690 vel
1006 3631 1234 3701 interfecissct;

123 3715 180 3776 sed
204 3715 270 3795 ipse
296 3713 353 3772 ille
376 3713 409 3770 in
434 3711 597 3794 praesenti
626 3715 749 3782 adstare
772 3712 962 3788 uidebatur,
993 3722 1025 3772 et
1047 3711 1130 3772 hanc
1157 3735 1236 3772 catra-

123 3817 188 3857 sam
210 3795 396 3855 nullatenus
418 3795 524 3877 potuit
555 3795 739 3876 denegare,
769 3795 825 3854 sed
849 3795 957 3854 taliter
987 3795 1050 3853 fuit
1074 3796 1235 3874 professus

119 3879 211 3962 tquod
243 3876 414 3958 instigante
449 3877 581 3938 inimico
613 3876 717 3958 ipsum
748 3875 912 3954 hominem
942 3876 1156 3937 interfecisset
1182 3877 1234 3938 rel

120 3962 303 4022 occidisset.
345 3961 438 4019 Tunc
462 3961 570 4019 taliter
594 3959 624 4019 ci
647 3959 894 4035 iudicaverunt,
917 3968 953 4017 ut
975 3959 1075 4038 ipsam
1104 3959 1236 4020 leudem

120 4044 172 4102 vel
198 4044 301 4125 ipsum
328 4041 541 4101 homicidium
571 4043 610 4101 ad
638 4041 723 4121 ipsos
746 4050 895 4122 parentes
928 4041 1054 4122 legibus
1086 4044 1235 4102 transsol-

120 4146 199 4185 vere
222 4125 363 4185 deberet.
406 4126 504 4202 Quod
532 4125 576 4182 ita
599 4132 631 4184 ct
654 4123 741 4182 fecit.
783 4122 848 4182 Sed
877 4132 985 4202 postea
1017 4123 1048 4181 in
1072 4122 1140 4202 ipso
1161 4123 1234 4205 pla-

121 4207 188 4267 cito
209 4209 238 4268 ei
261 4207 324 4266 fuit
346 4205 522 4268 radicatum
545 4215 581 4268 ut
602 4205 663 4290 ipsi
693 4214 844 4289 parentes
864 4203 963 4266 talem
993 4204 1159 4290 epistolam
1181 4225 1235 4266 se-
