<?xml version="1.0" encoding="UTF-8"?>
<!DOCTYPE html PUBLIC "-//W3C//DTD XHTML 1.0 Transitional//EN"
    "http://www.w3.org/TR/xhtml1/DTD/xhtml1-transitional.dtd">
<html xmlns="http://www.w3.org/1999/xhtml" xml:lang="en" lang="en">
 <head>
  <title>
</title>
<meta http-equiv="Content-Type" content="text/html;charset=utf-8" />
  <meta name='ocr-system' content='tesseract 3.04.00' />
  <meta name='ocr-capabilities' content='ocr_page ocr_carea ocr_par ocr_line ocrx_word'/>
</head>
<body>
  <div class='ocr_page' id='page_1' title='image "./corpusiurisgerm03visigoog_0061.png"; bbox 0 0 2734 4990; ppageno 0'>
   <div class='ocr_carea' id='block_1_1' title="bbox 143 271 790 349">
    <p class='ocr_par' dir='ltr' id='par_1_1' title="bbox 143 271 790 349">
     <span class='ocr_line' id='line_1_1' title="bbox 143 271 790 349; baseline -0.011 -1"><span class='ocrx_word' id='word_1_1' title='bbox 143 271 220 349; x_wconf 75' lang='grc'><strong>454</strong></span> <span class='ocrx_word' id='word_1_2' title='bbox 599 283 790 343; x_wconf 71' lang='lat' dir='ltr'><strong>renueras</strong></span> 
     </span>
    </p>
   </div>
   <div class='ocr_carea' id='block_1_2' title="bbox 227 426 1252 612">
    <p class='ocr_par' dir='ltr' id='par_1_2' title="bbox 227 426 1252 612">
     <span class='ocr_line' id='line_1_2' title="bbox 227 426 1167 512; baseline 0 -16"><span class='ocrx_word' id='word_1_3' title='bbox 227 427 394 502; x_wconf 74' lang='lat' dir='ltr'><strong>Iudicatur</strong></span> <span class='ocrx_word' id='word_1_4' title='bbox 419 429 446 488; x_wconf 74' lang='lat' dir='ltr'><strong>a·</strong></span> <span class='ocrx_word' id='word_1_5' title='bbox 469 428 539 511; x_wconf 79' lang='lat' dir='ltr'><strong>quir</strong></span> <span class='ocrx_word' id='word_1_6' title='bbox 563 429 597 490; x_wconf 82' lang='lat' dir='ltr'><strong>in</strong></span> <span class='ocrx_word' id='word_1_7' title='bbox 615 430 801 512; x_wconf 63' lang='lat' dir='ltr'><strong>praeseutia*</strong></span> <span class='ocrx_word' id='word_1_8' title='bbox 816 427 907 510; x_wconf 79' lang='lat' dir='ltr'><strong>Regis</strong></span> <span class='ocrx_word' id='word_1_9' title='bbox 928 441 1040 494; x_wconf 78' lang='lat' dir='ltr'><strong>auctor</strong></span> <span class='ocrx_word' id='word_1_10' title='bbox 1053 426 1167 512; x_wconf 79' lang='lat' dir='ltr'><strong>suerit.</strong></span> 
     </span>
     <span class='ocr_line' id='line_1_3' title="bbox 228 541 1252 612; baseline -0.006 0"><span class='ocrx_word' id='word_1_11' title='bbox 228 543 379 612; x_wconf 77' lang='lat' dir='ltr'><strong>CLXXI.</strong></span> <span class='ocrx_word' id='word_1_12' title='bbox 423 543 485 608; x_wconf 89' lang='lat' dir='ltr'><strong>llle</strong></span> <span class='ocrx_word' id='word_1_13' title='bbox 506 545 575 604; x_wconf 78' lang='lat' dir='ltr'><strong>lter</strong></span> <span class='ocrx_word' id='word_1_14' title='bbox 599 541 649 604; x_wconf 87' lang='lat' dir='ltr'><strong>illi</strong></span> <span class='ocrx_word' id='word_1_15' title='bbox 673 543 800 605; x_wconf 87' lang='lat' dir='ltr'><strong>Comiti.</strong></span> <span class='ocrx_word' id='word_1_16' title='bbox 843 543 989 608; x_wconf 82' lang='lat' dir='ltr'>Veniens</span> <span class='ocrx_word' id='word_1_17' title='bbox 1010 545 1066 606; x_wconf 91' lang='lat' dir='ltr'><strong>ille</strong></span> <span class='ocrx_word' id='word_1_18' title='bbox 1088 554 1144 606; x_wconf 89' lang='lat' dir='ltr'><strong>aut</strong></span> <span class='ocrx_word' id='word_1_19' title='bbox 1170 544 1252 607; x_wconf 83' lang='lat' dir='ltr'><strong>Mis·</strong></span> 
     </span>
    </p>
   </div>
   <div class='ocr_carea' id='block_1_3' title="bbox 145 626 1262 2355">
    <p class='ocr_par' dir='ltr' id='par_1_3' title="bbox 145 626 1262 2355">
     <span class='ocr_line' id='line_1_4' title="bbox 148 626 1256 715; baseline -0.004 -25"><span class='ocrx_word' id='word_1_20' title='bbox 148 655 202 712; x_wconf 69' lang='lat' dir='ltr'><strong>sup</strong></span> <span class='ocrx_word' id='word_1_21' title='bbox 224 629 323 715; x_wconf 88' lang='lat' dir='ltr'><strong>ipsius</strong></span> <span class='ocrx_word' id='word_1_22' title='bbox 346 628 380 688; x_wconf 91' lang='lat' dir='ltr'><strong>in</strong></span> <span class='ocrx_word' id='word_1_23' title='bbox 417 647 554 709; x_wconf 91' lang='lat' dir='ltr'><strong>persona</strong></span> <span class='ocrx_word' id='word_1_24' title='bbox 584 648 639 688; x_wconf 89' lang='lat' dir='ltr'><strong>sua</strong></span> <span class='ocrx_word' id='word_1_25' title='bbox 662 626 707 685; x_wconf 85' lang='lat' dir='ltr'><strong>ihi</strong></span> <span class='ocrx_word' id='word_1_26' title='bbox 736 626 768 686; x_wconf 91' lang='lat' dir='ltr'><strong>in</strong></span> <span class='ocrx_word' id='word_1_27' title='bbox 797 627 916 710; x_wconf 91' lang='lat' dir='ltr'><strong>palatio</strong></span> <span class='ocrx_word' id='word_1_28' title='bbox 947 637 1079 705; x_wconf 90' lang='lat' dir='ltr'><strong>nostro,</strong></span> <span class='ocrx_word' id='word_1_29' title='bbox 1110 629 1256 690; x_wconf 78' lang='lat' dir='ltr'><strong>clemen-</strong></span> 
     </span>
     <span class='ocr_line' id='line_1_5' title="bbox 145 707 1257 796; baseline -0.006 -19"><span class='ocrx_word' id='word_1_30' title='bbox 145 716 210 779; x_wconf 84' lang='lat' dir='ltr'><strong>tiae</strong></span> <span class='ocrx_word' id='word_1_31' title='bbox 234 711 325 796; x_wconf 80' lang='lat' dir='ltr'><strong>regni</strong></span> <span class='ocrx_word' id='word_1_32' title='bbox 355 709 455 770; x_wconf 84' lang='lat' dir='ltr'><strong>nostri</strong></span> <span class='ocrx_word' id='word_1_33' title='bbox 481 707 637 790; x_wconf 77' lang='lat' dir='ltr'><strong>suggessit</strong></span> <span class='ocrx_word' id='word_1_34' title='bbox 659 708 747 788; x_wconf 90' lang='lat' dir='ltr'><strong>quod</strong></span> <span class='ocrx_word' id='word_1_35' title='bbox 772 709 868 769; x_wconf 91' lang='lat' dir='ltr'><strong>homo</strong></span> <span class='ocrx_word' id='word_1_36' title='bbox 895 708 1011 790; x_wconf 86' lang='lat' dir='ltr'><strong>aliquis</strong></span> <span class='ocrx_word' id='word_1_37' title='bbox 1039 711 1170 770; x_wconf 89' lang='lat' dir='ltr'><strong>nomine</strong></span> <span class='ocrx_word' id='word_1_38' title='bbox 1196 709 1257 770; x_wconf 84' lang='lat' dir='ltr'><strong>illc</strong></span> 
     </span>
     <span class='ocr_line' id='line_1_6' title="bbox 145 789 1258 874; baseline -0.012 -12"><span class='ocrx_word' id='word_1_39' title='bbox 145 797 259 862; x_wconf 79' lang='lat' dir='ltr'><strong>villam</strong></span> <span class='ocrx_word' id='word_1_40' title='bbox 279 814 368 856; x_wconf 87' lang='lat' dir='ltr'><strong>seam</strong></span> <span class='ocrx_word' id='word_1_41' title='bbox 393 791 480 850; x_wconf 91' lang='lat' dir='ltr'><strong>illam</strong></span> <span class='ocrx_word' id='word_1_42' title='bbox 505 791 538 850; x_wconf 92' lang='lat' dir='ltr'><strong>in</strong></span> <span class='ocrx_word' id='word_1_43' title='bbox 561 812 640 872; x_wconf 81' lang='lat' dir='ltr'><strong>pago</strong></span> <span class='ocrx_word' id='word_1_44' title='bbox 662 789 731 866; x_wconf 90' lang='lat' dir='ltr'><strong>illo,</strong></span> <span class='ocrx_word' id='word_1_45' title='bbox 752 792 910 874; x_wconf 91' lang='lat' dir='ltr'><strong>quicquid</strong></span> <span class='ocrx_word' id='word_1_46' title='bbox 932 791 1050 853; x_wconf 84' lang='lat' dir='ltr'><strong>ibidem</strong></span> <span class='ocrx_word' id='word_1_47' title='bbox 1074 795 1163 854; x_wconf 81' lang='lat' dir='ltr'><strong>visus</strong></span> <span class='ocrx_word' id='word_1_48' title='bbox 1190 792 1258 852; x_wconf 82' lang='lat' dir='ltr'><strong>fuit</strong></span> 
     </span>
     <span class='ocr_line' id='line_1_7' title="bbox 145 873 1258 958; baseline -0.009 -16"><span class='ocrx_word' id='word_1_49' title='bbox 145 879 299 954; x_wconf 86' lang='lat' dir='ltr'><strong>tenuisse,</strong></span> <span class='ocrx_word' id='word_1_50' title='bbox 321 897 379 958; x_wconf 90' lang='lat' dir='ltr'><strong>per</strong></span> <span class='ocrx_word' id='word_1_51' title='bbox 402 873 597 935; x_wconf 82' lang='lat' dir='ltr'><strong>venditionis</strong></span> <span class='ocrx_word' id='word_1_52' title='bbox 617 873 748 932; x_wconf 85' lang='lat' dir='ltr'><strong>titulum</strong></span> <span class='ocrx_word' id='word_1_53' title='bbox 767 883 897 956; x_wconf 88' lang='lat' dir='ltr'><strong>accepta</strong></span> <span class='ocrx_word' id='word_1_54' title='bbox 914 874 1050 956; x_wconf 88' lang='lat' dir='ltr'><strong>pecunia</strong></span> <span class='ocrx_word' id='word_1_55' title='bbox 1066 897 1123 936; x_wconf 90' lang='lat' dir='ltr'><strong>sua</strong></span> <span class='ocrx_word' id='word_1_56' title='bbox 1145 875 1258 934; x_wconf 86' lang='lat' dir='ltr'><strong>eidem</strong></span> 
     </span>
     <span class='ocr_line' id='line_1_8' title="bbox 146 956 1258 1038; baseline -0.007 -14"><span class='ocrx_word' id='word_1_57' title='bbox 146 962 235 1024; x_wconf 79' lang='lat' dir='ltr'><strong>visus</strong></span> <span class='ocrx_word' id='word_1_58' title='bbox 265 968 311 1020; x_wconf 88' lang='lat' dir='ltr'><strong>est</strong></span> <span class='ocrx_word' id='word_1_59' title='bbox 336 956 537 1034; x_wconf 77' lang='lat' dir='ltr'><strong>distraxisse,</strong></span> <span class='ocrx_word' id='word_1_60' title='bbox 563 963 596 1015; x_wconf 89' lang='lat' dir='ltr'><strong>et</strong></span> <span class='ocrx_word' id='word_1_61' title='bbox 620 975 657 1014; x_wconf 86' lang='lat' dir='ltr'><strong>ea</strong></span> <span class='ocrx_word' id='word_1_62' title='bbox 682 956 722 1015; x_wconf 91' lang='lat' dir='ltr'><strong>ad</strong></span> <span class='ocrx_word' id='word_1_63' title='bbox 749 979 898 1038; x_wconf 80' lang='lat' dir='ltr'><strong>praesens</strong></span> <span class='ocrx_word' id='word_1_64' title='bbox 921 957 1082 1038; x_wconf 88' lang='lat' dir='ltr'><strong>possidere</strong></span> <span class='ocrx_word' id='word_1_65' title='bbox 1111 956 1258 1019; x_wconf 82' lang='lat' dir='ltr'><strong>videtur.</strong></span> 
     </span>
     <span class='ocr_line' id='line_1_9' title="bbox 148 1036 1259 1122; baseline -0.006 -16"><span class='ocrx_word' id='word_1_66' title='bbox 148 1043 214 1106; x_wconf 86' lang='lat' dir='ltr'><strong>Sed</strong></span> <span class='ocrx_word' id='word_1_67' title='bbox 241 1043 318 1104; x_wconf 90' lang='lat' dir='ltr'><strong>dum</strong></span> <span class='ocrx_word' id='word_1_68' title='bbox 345 1048 378 1100; x_wconf 86' lang='lat' dir='ltr'><strong>et</strong></span> <span class='ocrx_word' id='word_1_69' title='bbox 403 1040 469 1121; x_wconf 91' lang='lat' dir='ltr'><strong>ipsc</strong></span> <span class='ocrx_word' id='word_1_70' title='bbox 495 1037 552 1098; x_wconf 89' lang='lat' dir='ltr'><strong>ille</strong></span> <span class='ocrx_word' id='word_1_71' title='bbox 582 1036 621 1097; x_wconf 90' lang='lat' dir='ltr'><strong>ad</strong></span> <span class='ocrx_word' id='word_1_72' title='bbox 648 1059 797 1118; x_wconf 88' lang='lat' dir='ltr'><strong>praesens</strong></span> <span class='ocrx_word' id='word_1_73' title='bbox 821 1039 987 1116; x_wconf 75' lang='lat' dir='ltr'><strong>adstabat,</strong></span> <span class='ocrx_word' id='word_1_74' title='bbox 1018 1039 1259 1122; x_wconf 82' lang='lat' dir='ltr'><strong>interrogatum</strong></span> 
     </span>
     <span class='ocr_line' id='line_1_10' title="bbox 150 1119 1257 1204; baseline -0.004 -17"><span class='ocrx_word' id='word_1_75' title='bbox 150 1135 199 1187; x_wconf 87' lang='lat' dir='ltr'><strong>est</strong></span> <span class='ocrx_word' id='word_1_76' title='bbox 220 1123 251 1186; x_wconf 90' lang='lat' dir='ltr'><strong>ei</strong></span> <span class='ocrx_word' id='word_1_77' title='bbox 275 1125 293 1184; x_wconf 70' lang='lat' dir='ltr'><strong>a</strong></span> <span class='ocrx_word' id='word_1_78' title='bbox 314 1121 406 1182; x_wconf 87' lang='lat' dir='ltr'><strong>nobis</strong></span> <span class='ocrx_word' id='word_1_79' title='bbox 432 1121 484 1182; x_wconf 90' lang='lat' dir='ltr'><strong>vel</strong></span> <span class='ocrx_word' id='word_1_80' title='bbox 511 1121 529 1180; x_wconf 76' lang='lat' dir='ltr'><strong>d</strong></span> <span class='ocrx_word' id='word_1_81' title='bbox 552 1119 744 1181; x_wconf 86' lang='lat' dir='ltr'><strong>Proceribus</strong></span> <span class='ocrx_word' id='word_1_82' title='bbox 772 1121 889 1182; x_wconf 91' lang='lat' dir='ltr'><strong>uestris</strong></span> <span class='ocrx_word' id='word_1_83' title='bbox 915 1124 941 1183; x_wconf 90' lang='lat' dir='ltr'><strong>si</strong></span> <span class='ocrx_word' id='word_1_84' title='bbox 967 1121 1067 1204; x_wconf 84' lang='lat' dir='ltr'><strong>ipsam</strong></span> <span class='ocrx_word' id='word_1_85' title='bbox 1087 1121 1257 1183; x_wconf 79' lang='lat' dir='ltr'><strong>venditio-</strong></span> 
     </span>
     <span class='ocr_line' id='line_1_11' title="bbox 149 1202 1259 1287; baseline -0.002 -21"><span class='ocrx_word' id='word_1_86' title='bbox 149 1229 236 1284; x_wconf 90' lang='lat' dir='ltr'><strong>nem,</strong></span> <span class='ocrx_word' id='word_1_87' title='bbox 258 1225 354 1287; x_wconf 89' lang='lat' dir='ltr'><strong>quam</strong></span> <span class='ocrx_word' id='word_1_88' title='bbox 376 1203 443 1286; x_wconf 90' lang='lat' dir='ltr'><strong>ipse</strong></span> <span class='ocrx_word' id='word_1_89' title='bbox 465 1202 521 1264; x_wconf 89' lang='lat' dir='ltr'><strong>ille</strong></span> <span class='ocrx_word' id='word_1_90' title='bbox 549 1203 588 1262; x_wconf 89' lang='lat' dir='ltr'><strong>de</strong></span> <span class='ocrx_word' id='word_1_91' title='bbox 616 1203 829 1284; x_wconf 87' lang='lat' dir='ltr'><strong>suprascripta</strong></span> <span class='ocrx_word' id='word_1_92' title='bbox 847 1224 882 1265; x_wconf 91' lang='lat' dir='ltr'><strong>re</strong></span> <span class='ocrx_word' id='word_1_93' title='bbox 900 1205 933 1264; x_wconf 91' lang='lat' dir='ltr'><strong>in</strong></span> <span class='ocrx_word' id='word_1_94' title='bbox 953 1213 1119 1286; x_wconf 83' lang='lat' dir='ltr'><strong>praesente</strong></span> <span class='ocrx_word' id='word_1_95' title='bbox 1142 1205 1259 1285; x_wconf 86' lang='lat' dir='ltr'><strong>profe·</strong></span> 
     </span>
     <span class='ocr_line' id='line_1_12' title="bbox 145 1284 1259 1366; baseline -0.008 -14"><span class='ocrx_word' id='word_1_96' title='bbox 145 1291 254 1366; x_wconf 84' lang='lat' dir='ltr'><strong>rebat,</strong></span> <span class='ocrx_word' id='word_1_97' title='bbox 278 1288 317 1349; x_wconf 89' lang='lat' dir='ltr'><strong>de</strong></span> <span class='ocrx_word' id='word_1_98' title='bbox 339 1285 469 1347; x_wconf 89' lang='lat' dir='ltr'><strong>nomine</strong></span> <span class='ocrx_word' id='word_1_99' title='bbox 494 1284 563 1346; x_wconf 90' lang='lat' dir='ltr'><strong>eius</strong></span> <span class='ocrx_word' id='word_1_100' title='bbox 591 1284 730 1360; x_wconf 79' lang='lat' dir='ltr'><strong>fecisset,</strong></span> <span class='ocrx_word' id='word_1_101' title='bbox 750 1295 806 1344; x_wconf 88' lang='lat' dir='ltr'><strong>aut</strong></span> <span class='ocrx_word' id='word_1_102' title='bbox 822 1295 1026 1348; x_wconf 81' lang='lat' dir='ltr'><strong>memoratam</strong></span> <span class='ocrx_word' id='word_1_103' title='bbox 1049 1307 1117 1347; x_wconf 89' lang='lat' dir='ltr'><strong>rem</strong></span> <span class='ocrx_word' id='word_1_104' title='bbox 1141 1285 1259 1347; x_wconf 83' lang='lat' dir='ltr'><strong>vendi·</strong></span> 
     </span>
     <span class='ocr_line' id='line_1_13' title="bbox 148 1367 1260 1448; baseline -0.005 -15"><span class='ocrx_word' id='word_1_105' title='bbox 148 1372 256 1448; x_wconf 91' lang='lat' dir='ltr'><strong>disset,</strong></span> <span class='ocrx_word' id='word_1_106' title='bbox 279 1378 334 1430; x_wconf 87' lang='lat' dir='ltr'><strong>aut</strong></span> <span class='ocrx_word' id='word_1_107' title='bbox 354 1377 465 1428; x_wconf 90' lang='lat' dir='ltr'><strong>auctor</strong></span> <span class='ocrx_word' id='word_1_108' title='bbox 485 1367 591 1428; x_wconf 89' lang='lat' dir='ltr'><strong>eidem</strong></span> <span class='ocrx_word' id='word_1_109' title='bbox 614 1388 681 1428; x_wconf 84' lang='lat' dir='ltr'><strong>esse</strong></span> <span class='ocrx_word' id='word_1_110' title='bbox 706 1369 869 1433; x_wconf 86' lang='lat' dir='ltr'><strong>voluisset,</strong></span> <span class='ocrx_word' id='word_1_111' title='bbox 910 1368 975 1430; x_wconf 87' lang='lat' dir='ltr'><strong>Sed</strong></span> <span class='ocrx_word' id='word_1_112' title='bbox 1001 1368 1107 1428; x_wconf 87' lang='lat' dir='ltr'><strong>taliter</strong></span> <span class='ocrx_word' id='word_1_113' title='bbox 1123 1369 1160 1428; x_wconf 90' lang='lat' dir='ltr'><strong>in</strong></span> <span class='ocrx_word' id='word_1_114' title='bbox 1183 1390 1260 1427; x_wconf 87' lang='lat' dir='ltr'><strong>nos·</strong></span> 
     </span>
     <span class='ocr_line' id='line_1_14' title="bbox 148 1449 1259 1534; baseline -0.007 -18"><span class='ocrx_word' id='word_1_115' title='bbox 148 1463 197 1516; x_wconf 91' lang='lat' dir='ltr'><strong>tra</strong></span> <span class='ocrx_word' id='word_1_116' title='bbox 219 1450 398 1534; x_wconf 86' lang='lat' dir='ltr'><strong>praesentia</strong></span> <span class='ocrx_word' id='word_1_117' title='bbox 420 1457 613 1510; x_wconf 90' lang='lat' dir='ltr'><strong>memoratus</strong></span> <span class='ocrx_word' id='word_1_118' title='bbox 639 1449 876 1530; x_wconf 75' lang='lat' dir='ltr'><strong>ineprofessus</strong></span> <span class='ocrx_word' id='word_1_119' title='bbox 899 1459 960 1528; x_wconf 89' lang='lat' dir='ltr'><strong>est,</strong></span> <span class='ocrx_word' id='word_1_120' title='bbox 991 1451 1079 1531; x_wconf 90' lang='lat' dir='ltr'><strong>quod</strong></span> <span class='ocrx_word' id='word_1_121' title='bbox 1099 1461 1129 1511; x_wconf 90' lang='lat' dir='ltr'><strong>et</strong></span> <span class='ocrx_word' id='word_1_122' title='bbox 1152 1450 1259 1532; x_wconf 88' lang='lat' dir='ltr'><strong>ipsam</strong></span> 
     </span>
     <span class='ocr_line' id='line_1_15' title="bbox 149 1531 1260 1615; baseline -0.007 -16"><span class='ocrx_word' id='word_1_123' title='bbox 149 1535 373 1599; x_wconf 78' lang='lat' dir='ltr'><strong>venditionem</strong></span> <span class='ocrx_word' id='word_1_124' title='bbox 395 1533 533 1608; x_wconf 85' lang='lat' dir='ltr'><strong>fecerat,</strong></span> <span class='ocrx_word' id='word_1_125' title='bbox 556 1541 587 1592; x_wconf 87' lang='lat' dir='ltr'><strong>et</strong></span> <span class='ocrx_word' id='word_1_126' title='bbox 610 1531 749 1614; x_wconf 87' lang='lat' dir='ltr'><strong>pretium</strong></span> <span class='ocrx_word' id='word_1_127' title='bbox 773 1534 811 1594; x_wconf 91' lang='lat' dir='ltr'><strong>de</strong></span> <span class='ocrx_word' id='word_1_128' title='bbox 839 1533 1053 1615; x_wconf 88' lang='lat' dir='ltr'><strong>suprascripta</strong></span> <span class='ocrx_word' id='word_1_129' title='bbox 1073 1554 1127 1611; x_wconf 92' lang='lat' dir='ltr'><strong>re,</strong></span> <span class='ocrx_word' id='word_1_130' title='bbox 1163 1531 1260 1614; x_wconf 89' lang='lat' dir='ltr'><strong>quod</strong></span> 
     </span>
     <span class='ocr_line' id='line_1_16' title="bbox 148 1613 1260 1702; baseline -0.006 -21"><span class='ocrx_word' id='word_1_131' title='bbox 148 1620 216 1702; x_wconf 89' lang='lat' dir='ltr'><strong>ipsa</strong></span> <span class='ocrx_word' id='word_1_132' title='bbox 236 1615 380 1678; x_wconf 84' lang='lat' dir='ltr'><strong>venditio</strong></span> <span class='ocrx_word' id='word_1_133' title='bbox 401 1614 604 1691; x_wconf 86' lang='lat' dir='ltr'><strong>continebat,</strong></span> <span class='ocrx_word' id='word_1_134' title='bbox 627 1624 802 1696; x_wconf 88' lang='lat' dir='ltr'><strong>acceperat,</strong></span> <span class='ocrx_word' id='word_1_135' title='bbox 825 1627 857 1676; x_wconf 89' lang='lat' dir='ltr'><strong>et</strong></span> <span class='ocrx_word' id='word_1_136' title='bbox 879 1625 989 1676; x_wconf 88' lang='lat' dir='ltr'><strong>auctor</strong></span> <span class='ocrx_word' id='word_1_137' title='bbox 1008 1615 1113 1676; x_wconf 89' lang='lat' dir='ltr'><strong>eidem</strong></span> <span class='ocrx_word' id='word_1_138' title='bbox 1131 1637 1173 1676; x_wconf 84' lang='lat' dir='ltr'><strong>ex</strong></span> <span class='ocrx_word' id='word_1_139' title='bbox 1192 1613 1260 1674; x_wconf 91' lang='lat' dir='ltr'><strong>hoc</strong></span> 
     </span>
     <span class='ocr_line' id='line_1_17' title="bbox 151 1697 1261 1783; baseline -0.006 -20"><span class='ocrx_word' id='word_1_140' title='bbox 151 1713 184 1765; x_wconf 88' lang='lat' dir='ltr'><strong>et</strong></span> <span class='ocrx_word' id='word_1_141' title='bbox 210 1700 420 1783; x_wconf 83' lang='lat' dir='ltr'><strong>adpraesens</strong></span> <span class='ocrx_word' id='word_1_142' title='bbox 447 1704 478 1756; x_wconf 89' lang='lat' dir='ltr'><strong>et</strong></span> <span class='ocrx_word' id='word_1_143' title='bbox 504 1697 648 1773; x_wconf 85' lang='lat' dir='ltr'><strong>inantea,</strong></span> <span class='ocrx_word' id='word_1_144' title='bbox 680 1697 706 1757; x_wconf 87' lang='lat' dir='ltr'><strong>si</strong></span> <span class='ocrx_word' id='word_1_145' title='bbox 737 1697 767 1757; x_wconf 90' lang='lat' dir='ltr'><strong>ei</strong></span> <span class='ocrx_word' id='word_1_146' title='bbox 795 1701 965 1759; x_wconf 86' lang='lat' dir='ltr'><strong>necessitas</strong></span> <span class='ocrx_word' id='word_1_147' title='bbox 988 1697 1194 1780; x_wconf 82' lang='lat' dir='ltr'><strong>contigisset,</strong></span> <span class='ocrx_word' id='word_1_148' title='bbox 1228 1707 1261 1758; x_wconf 89' lang='lat' dir='ltr'><strong>ct</strong></span> 
     </span>
     <span class='ocr_line' id='line_1_18' title="bbox 150 1779 1261 1860; baseline -0.008 -12"><span class='ocrx_word' id='word_1_149' title='bbox 150 1792 220 1848; x_wconf 78' lang='lat' dir='ltr'><strong>erat</strong></span> <span class='ocrx_word' id='word_1_150' title='bbox 245 1791 277 1842; x_wconf 85' lang='lat' dir='ltr'><strong>et</strong></span> <span class='ocrx_word' id='word_1_151' title='bbox 308 1800 375 1842; x_wconf 89' lang='lat' dir='ltr'><strong>esse</strong></span> <span class='ocrx_word' id='word_1_152' title='bbox 402 1779 536 1859; x_wconf 79' lang='lat' dir='ltr'><strong>volebat.</strong></span> <span class='ocrx_word' id='word_1_153' title='bbox 579 1779 656 1840; x_wconf 91' lang='lat' dir='ltr'><strong>Ideo</strong></span> <span class='ocrx_word' id='word_1_154' title='bbox 682 1779 760 1838; x_wconf 88' lang='lat' dir='ltr'><strong>dum</strong></span> <span class='ocrx_word' id='word_1_155' title='bbox 789 1779 896 1840; x_wconf 87' lang='lat' dir='ltr'><strong>taliter</strong></span> <span class='ocrx_word' id='word_1_156' title='bbox 924 1801 1030 1840; x_wconf 88' lang='lat' dir='ltr'><strong>ceram</strong></span> <span class='ocrx_word' id='word_1_157' title='bbox 1060 1780 1154 1840; x_wconf 77' lang='lat' dir='ltr'><strong>nobis</strong></span> <span class='ocrx_word' id='word_1_158' title='bbox 1176 1801 1261 1860; x_wconf 90' lang='lat' dir='ltr'><strong>pro-</strong></span> 
     </span>
     <span class='ocr_line' id='line_1_19' title="bbox 149 1861 1262 1944; baseline -0.009 -14"><span class='ocrx_word' id='word_1_159' title='bbox 149 1867 250 1932; x_wconf 81' lang='lat' dir='ltr'><strong>fessus</strong></span> <span class='ocrx_word' id='word_1_160' title='bbox 261 1871 319 1938; x_wconf 89' lang='lat' dir='ltr'><strong>est,</strong></span> <span class='ocrx_word' id='word_1_161' title='bbox 331 1882 390 1944; x_wconf 92' lang='lat' dir='ltr'><strong>per</strong></span> <span class='ocrx_word' id='word_1_162' title='bbox 406 1881 556 1942; x_wconf 84' lang='lat' dir='ltr'><strong>praesens</strong></span> <span class='ocrx_word' id='word_1_163' title='bbox 568 1861 713 1924; x_wconf 88' lang='lat' dir='ltr'><strong>iubemus</strong></span> <span class='ocrx_word' id='word_1_164' title='bbox 728 1885 763 1922; x_wconf 88' lang='lat' dir='ltr'><strong>ac</strong></span> <span class='ocrx_word' id='word_1_165' title='bbox 778 1861 979 1924; x_wconf 88' lang='lat' dir='ltr'><strong>decernimus</strong></span> <span class='ocrx_word' id='word_1_166' title='bbox 990 1865 1206 1943; x_wconf 88' lang='lat' dir='ltr'><strong>Praeceptum</strong></span> <span class='ocrx_word' id='word_1_167' title='bbox 1224 1871 1262 1922; x_wconf 90' lang='lat' dir='ltr'><strong>ut</strong></span> 
     </span>
     <span class='ocr_line' id='line_1_20' title="bbox 149 1942 1261 2024; baseline -0.005 -14"><span class='ocrx_word' id='word_1_168' title='bbox 149 1955 340 2010; x_wconf 87' lang='lat' dir='ltr'><strong>memoratus</strong></span> <span class='ocrx_word' id='word_1_169' title='bbox 367 1943 423 2003; x_wconf 92' lang='lat' dir='ltr'><strong>ille</strong></span> <span class='ocrx_word' id='word_1_170' title='bbox 445 1942 544 2024; x_wconf 86' lang='lat' dir='ltr'><strong>ipsum</strong></span> <span class='ocrx_word' id='word_1_171' title='bbox 566 1942 675 2003; x_wconf 84' lang='lat' dir='ltr'><strong>villam</strong></span> <span class='ocrx_word' id='word_1_172' title='bbox 701 1943 733 2002; x_wconf 91' lang='lat' dir='ltr'><strong>iu</strong></span> <span class='ocrx_word' id='word_1_173' title='bbox 766 1945 827 2004; x_wconf 83' lang='lat' dir='ltr'><strong>iarn</strong></span> <span class='ocrx_word' id='word_1_174' title='bbox 853 1945 939 2005; x_wconf 89' lang='lat' dir='ltr'><strong>dicto</strong></span> <span class='ocrx_word' id='word_1_175' title='bbox 964 1944 1035 2004; x_wconf 91' lang='lat' dir='ltr'><strong>loeo</strong></span> <span class='ocrx_word' id='word_1_176' title='bbox 1063 1943 1096 2002; x_wconf 91' lang='lat' dir='ltr'><strong>in</strong></span> <span class='ocrx_word' id='word_1_177' title='bbox 1121 1945 1261 2024; x_wconf 86' lang='lat' dir='ltr'><strong>integri-</strong></span> 
     </span>
     <span class='ocr_line' id='line_1_21' title="bbox 150 2024 1258 2109; baseline -0.002 -21"><span class='ocrx_word' id='word_1_178' title='bbox 150 2039 225 2106; x_wconf 87' lang='lat' dir='ltr'><strong>tate,</strong></span> <span class='ocrx_word' id='word_1_179' title='bbox 247 2037 279 2088; x_wconf 91' lang='lat' dir='ltr'><strong>et</strong></span> <span class='ocrx_word' id='word_1_180' title='bbox 308 2024 464 2108; x_wconf 89' lang='lat' dir='ltr'><strong>quicquid</strong></span> <span class='ocrx_word' id='word_1_181' title='bbox 485 2046 544 2107; x_wconf 90' lang='lat' dir='ltr'><strong>per</strong></span> <span class='ocrx_word' id='word_1_182' title='bbox 568 2025 667 2106; x_wconf 86' lang='lat' dir='ltr'><strong>ipsam</strong></span> <span class='ocrx_word' id='word_1_183' title='bbox 688 2027 910 2088; x_wconf 77' lang='lat' dir='ltr'><strong>venditionem</strong></span> <span class='ocrx_word' id='word_1_184' title='bbox 927 2027 1111 2109; x_wconf 88' lang='lat' dir='ltr'><strong>accepisset,</strong></span> <span class='ocrx_word' id='word_1_185' title='bbox 1133 2027 1258 2106; x_wconf 87' lang='lat' dir='ltr'><strong>absque</strong></span> 
     </span>
     <span class='ocr_line' id='line_1_22' title="bbox 150 2107 1260 2189; baseline -0.002 -17"><span class='ocrx_word' id='word_1_186' title='bbox 150 2109 376 2172; x_wconf 88' lang='lat' dir='ltr'><strong>contrarietate</strong></span> <span class='ocrx_word' id='word_1_187' title='bbox 391 2108 443 2167; x_wconf 85' lang='lat' dir='ltr'><strong>vel</strong></span> <span class='ocrx_word' id='word_1_188' title='bbox 462 2107 654 2189; x_wconf 87' lang='lat' dir='ltr'><strong>repetitione</strong></span> <span class='ocrx_word' id='word_1_189' title='bbox 670 2107 759 2168; x_wconf 89' lang='lat' dir='ltr'><strong>illius&#39;</strong></span> <span class='ocrx_word' id='word_1_190' title='bbox 772 2117 826 2168; x_wconf 88' lang='lat' dir='ltr'><strong>aut</strong></span> <span class='ocrx_word' id='word_1_191' title='bbox 843 2109 997 2170; x_wconf 89' lang='lat' dir='ltr'><strong>heredum</strong></span> <span class='ocrx_word' id='word_1_192' title='bbox 1012 2131 1143 2169; x_wconf 88' lang='lat' dir='ltr'><strong>snorum</strong></span> <span class='ocrx_word' id='word_1_193' title='bbox 1160 2111 1260 2189; x_wconf 88' lang='lat' dir='ltr'><strong>quie-</strong></span> 
     </span>
     <span class='ocr_line' id='line_1_23' title="bbox 151 2189 1258 2273; baseline -0.009 -19"><span class='ocrx_word' id='word_1_194' title='bbox 151 2202 184 2254; x_wconf 89' lang='lat' dir='ltr'><strong>to</strong></span> <span class='ocrx_word' id='word_1_195' title='bbox 207 2192 319 2252; x_wconf 89' lang='lat' dir='ltr'><strong>ordine</strong></span> <span class='ocrx_word' id='word_1_196' title='bbox 345 2189 458 2250; x_wconf 89' lang='lat' dir='ltr'><strong>debeat</strong></span> <span class='ocrx_word' id='word_1_197' title='bbox 477 2189 651 2270; x_wconf 88' lang='lat' dir='ltr'><strong>possidere,</strong></span> <span class='ocrx_word' id='word_1_198' title='bbox 675 2191 727 2252; x_wconf 85' lang='lat' dir='ltr'><strong>vel</strong></span> <span class='ocrx_word' id='word_1_199' title='bbox 753 2191 910 2272; x_wconf 90' lang='lat' dir='ltr'><strong>quicquid</strong></span> <span class='ocrx_word' id='word_1_200' title='bbox 930 2192 1046 2252; x_wconf 84' lang='lat' dir='ltr'><strong>exinde</strong></span> <span class='ocrx_word' id='word_1_201' title='bbox 1072 2193 1179 2250; x_wconf 88' lang='lat' dir='ltr'><strong>facere</strong></span> <span class='ocrx_word' id='word_1_202' title='bbox 1202 2189 1258 2273; x_wconf 61' lang='lat' dir='ltr'><strong>ip,</strong></span> 
     </span>
     <span class='ocr_line' id='line_1_24' title="bbox 151 2272 1189 2355; baseline -0.004 -19"><span class='ocrx_word' id='word_1_203' title='bbox 151 2296 185 2343; x_wconf 80' lang='lat' dir='ltr'><strong>se</strong></span> <span class='ocrx_word' id='word_1_204' title='bbox 207 2281 262 2336; x_wconf 86' lang='lat' dir='ltr'><strong>aut</strong></span> <span class='ocrx_word' id='word_1_205' title='bbox 289 2273 426 2338; x_wconf 85' lang='lat' dir='ltr'><strong>heredes</strong></span> <span class='ocrx_word' id='word_1_206' title='bbox 448 2273 497 2332; x_wconf 89' lang='lat' dir='ltr'><strong>sui</strong></span> <span class='ocrx_word' id='word_1_207' title='bbox 519 2272 738 2350; x_wconf 85' lang='lat' dir='ltr'><strong>decreverint,</strong></span> <span class='ocrx_word' id='word_1_208' title='bbox 762 2273 865 2334; x_wconf 86' lang='lat' dir='ltr'><strong>libero</strong></span> <span class='ocrx_word' id='word_1_209' title='bbox 888 2274 1028 2355; x_wconf 86' lang='lat' dir='ltr'><strong>potiatur</strong></span> <span class='ocrx_word' id='word_1_210' title='bbox 1047 2272 1189 2334; x_wconf 88' lang='lat' dir='ltr'><strong>arbitrio.</strong></span> 
     </span>
    </p>
   </div>
   <div class='ocr_carea' id='block_1_4' title="bbox 449 2409 955 2475">
    <p class='ocr_par' dir='ltr' id='par_1_4' title="bbox 449 2409 955 2475">
     <span class='ocr_line' id='line_1_25' title="bbox 449 2409 955 2475; baseline 0.006 -3"><span class='ocrx_word' id='word_1_211' title='bbox 449 2409 571 2472; x_wconf 78' lang='lat' dir='ltr'><strong>Neritia</strong></span> <span class='ocrx_word' id='word_1_212' title='bbox 593 2409 632 2472; x_wconf 85' lang='lat' dir='ltr'><strong>de</strong></span> <span class='ocrx_word' id='word_1_213' title='bbox 654 2431 745 2474; x_wconf 85' lang='lat' dir='ltr'><strong>cruce</strong></span> <span class='ocrx_word' id='word_1_214' title='bbox 767 2410 955 2475; x_wconf 82' lang='lat' dir='ltr'><strong>evindicata.</strong></span> 
     </span>
    </p>
   </div>
   <div class='ocr_carea' id='block_1_5' title="bbox 140 2521 1258 2775">
    <p class='ocr_par' dir='ltr' id='par_1_5' title="bbox 140 2521 1258 2775">
     <span class='ocr_line' id='line_1_26' title="bbox 140 2521 1257 2609; baseline 0 -23"><span class='ocrx_word' id='word_1_215' title='bbox 140 2543 146 2552; x_wconf 80' lang='grc'><strong>“</strong></span> <span class='ocrx_word' id='word_1_216' title='bbox 235 2521 403 2586; x_wconf 82' lang='lat' dir='ltr'><strong>CLXXII.</strong></span> <span class='ocrx_word' id='word_1_217' title='bbox 443 2525 529 2585; x_wconf 89' lang='lat' dir='ltr'><strong>Dum</strong></span> <span class='ocrx_word' id='word_1_218' title='bbox 549 2535 581 2587; x_wconf 89' lang='lat' dir='ltr'><strong>et</strong></span> <span class='ocrx_word' id='word_1_219' title='bbox 606 2525 752 2586; x_wconf 87' lang='lat' dir='ltr'><strong>omnibus</strong></span> <span class='ocrx_word' id='word_1_220' title='bbox 782 2549 846 2586; x_wconf 91' lang='lat' dir='ltr'><strong>uon</strong></span> <span class='ocrx_word' id='word_1_221' title='bbox 873 2536 920 2588; x_wconf 91' lang='lat' dir='ltr'><strong>est</strong></span> <span class='ocrx_word' id='word_1_222' title='bbox 949 2527 1149 2609; x_wconf 80' lang='lat' dir='ltr'><strong>incognitum</strong></span> <span class='ocrx_word' id='word_1_223' title='bbox 1171 2549 1257 2608; x_wconf 84' lang='lat' dir='ltr'><strong>qua·</strong></span> 
     </span>
     <span class='ocr_line' id='line_1_27' title="bbox 152 2605 1258 2692; baseline 0.001 -25"><span class='ocrx_word' id='word_1_224' title='bbox 152 2606 228 2668; x_wconf 88' lang='lat' dir='ltr'><strong>liter</strong></span> <span class='ocrx_word' id='word_1_225' title='bbox 251 2607 385 2668; x_wconf 80' lang='lat' dir='ltr'><strong>veniens</strong></span> <span class='ocrx_word' id='word_1_226' title='bbox 408 2605 504 2666; x_wconf 88' lang='lat' dir='ltr'><strong>home</strong></span> <span class='ocrx_word' id='word_1_227' title='bbox 531 2606 647 2690; x_wconf 90' lang='lat' dir='ltr'><strong>aliquis</strong></span> <span class='ocrx_word' id='word_1_228' title='bbox 672 2608 802 2692; x_wconf 81' lang='lat' dir='ltr'><strong>nomine</strong></span> <span class='ocrx_word' id='word_1_229' title='bbox 824 2609 982 2672; x_wconf 81' lang='lat' dir='ltr'><strong>illeante</strong></span> <span class='ocrx_word' id='word_1_230' title='bbox 1010 2611 1176 2670; x_wconf 88' lang='lat' dir='ltr'><strong>Vicarium</strong></span> <span class='ocrx_word' id='word_1_231' title='bbox 1202 2610 1258 2668; x_wconf 90' lang='lat' dir='ltr'><strong>in—</strong></span> 
     </span>
     <span class='ocr_line' id='line_1_28' title="bbox 151 2689 1058 2775; baseline 0.003 -24"><span class='ocrx_word' id='word_1_232' title='bbox 151 2689 261 2752; x_wconf 90' lang='lat' dir='ltr'><strong>lustris</strong></span> <span class='ocrx_word' id='word_1_233' title='bbox 281 2689 344 2750; x_wconf 86' lang='lat' dir='ltr'><strong>viri</strong></span> <span class='ocrx_word' id='word_1_234' title='bbox 367 2689 454 2754; x_wconf 89' lang='lat' dir='ltr'><strong>illius</strong></span> <span class='ocrx_word' id='word_1_235' title='bbox 476 2689 619 2767; x_wconf 88' lang='lat' dir='ltr'><strong>Comitis,</strong></span> <span class='ocrx_word' id='word_1_236' title='bbox 641 2701 700 2754; x_wconf 89' lang='lat' dir='ltr'><strong>ete.</strong></span> <span class='ocrx_word' id='word_1_237' title='bbox 722 2703 756 2752; x_wconf 83' lang='lat' dir='ltr'><strong>ut</strong></span> <span class='ocrx_word' id='word_1_238' title='bbox 780 2713 874 2775; x_wconf 78' lang='lat' dir='ltr'><strong>supra</strong></span> <span class='ocrx_word' id='word_1_239' title='bbox 892 2712 966 2774; x_wconf 76' lang='lat' dir='ltr'><strong>pag.</strong></span> <span class='ocrx_word' id='word_1_240' title='bbox 986 2693 1058 2768; x_wconf 72' lang='lat'><strong>405.</strong></span> 
     </span>
    </p>
   </div>
   <div class='ocr_carea' id='block_1_6' title="bbox 507 2805 896 2871">
    <p class='ocr_par' dir='ltr' id='par_1_6' title="bbox 507 2805 896 2871">
     <span class='ocr_line' id='line_1_29' title="bbox 507 2805 896 2871; baseline -0.01 -4"><span class='ocrx_word' id='word_1_241' title='bbox 507 2805 630 2867; x_wconf 76' lang='lat' dir='ltr'><strong>Neritia</strong></span> <span class='ocrx_word' id='word_1_242' title='bbox 656 2807 896 2871; x_wconf 80' lang='lat' dir='ltr'><strong>sacramentalis,</strong></span> 
     </span>
    </p>
   </div>
   <div class='ocr_carea' id='block_1_7' title="bbox 139 2917 1260 3250">
    <p class='ocr_par' dir='ltr' id='par_1_7' title="bbox 139 2917 1260 3250">
     <span class='ocr_line' id='line_1_30' title="bbox 139 2917 1260 3002; baseline -0.005 -18"><span class='ocrx_word' id='word_1_243' title='bbox 139 2945 143 2954; x_wconf 88' lang='grc'><strong>’</strong></span> <span class='ocrx_word' id='word_1_244' title='bbox 220 2917 413 2984; x_wconf 74' lang='lat' dir='ltr'><strong>¹CLXXIII.</strong></span> <span class='ocrx_word' id='word_1_245' title='bbox 456 2919 575 2981; x_wconf 87' lang='lat' dir='ltr'><strong>Notitia</strong></span> <span class='ocrx_word' id='word_1_246' title='bbox 601 2920 741 3000; x_wconf 90' lang='lat' dir='ltr'><strong>qualiter</strong></span> <span class='ocrx_word' id='word_1_247' title='bbox 763 2928 796 2980; x_wconf 93' lang='lat' dir='ltr'><strong>et</strong></span> <span class='ocrx_word' id='word_1_248' title='bbox 820 2920 936 2999; x_wconf 85' lang='lat' dir='ltr'><strong>quibus</strong></span> <span class='ocrx_word' id='word_1_249' title='bbox 958 2920 1177 3002; x_wconf 85' lang='lat' dir='ltr'><strong>praesentibus</strong></span> <span class='ocrx_word' id='word_1_250' title='bbox 1199 2942 1260 2983; x_wconf 53' lang='lat' dir='ltr'><strong>ves</strong></span> 
     </span>
     <span class='ocr_line' id='line_1_31' title="bbox 152 3001 1258 3083; baseline 0.001 -20"><span class='ocrx_word' id='word_1_251' title='bbox 152 3002 246 3064; x_wconf 87' lang='lat' dir='ltr'><strong>niens</strong></span> <span class='ocrx_word' id='word_1_252' title='bbox 277 3003 373 3064; x_wconf 89' lang='lat' dir='ltr'><strong>homo</strong></span> <span class='ocrx_word' id='word_1_253' title='bbox 400 3001 516 3082; x_wconf 88' lang='lat' dir='ltr'><strong>aliquis</strong></span> <span class='ocrx_word' id='word_1_254' title='bbox 546 3003 676 3061; x_wconf 89' lang='lat' dir='ltr'><strong>nomine</strong></span> <span class='ocrx_word' id='word_1_255' title='bbox 708 3001 764 3060; x_wconf 92' lang='lat' dir='ltr'><strong>ille</strong></span> <span class='ocrx_word' id='word_1_256' title='bbox 796 3003 829 3058; x_wconf 94' lang='lat' dir='ltr'><strong>in</strong></span> <span class='ocrx_word' id='word_1_257' title='bbox 860 3025 940 3083; x_wconf 79' lang='lat' dir='ltr'><strong>pago</strong></span> <span class='ocrx_word' id='word_1_258' title='bbox 970 3002 1027 3062; x_wconf 91' lang='lat' dir='ltr'><strong>illo</strong></span> <span class='ocrx_word' id='word_1_259' title='bbox 1055 3004 1088 3062; x_wconf 91' lang='lat' dir='ltr'><strong>in</strong></span> <span class='ocrx_word' id='word_1_260' title='bbox 1121 3004 1258 3071; x_wconf 81' lang='lat' dir='ltr'><strong>basilica</strong></span> 
     </span>
     <span class='ocr_line' id='line_1_32' title="bbox 152 3083 1258 3165; baseline -0.002 -17"><span class='ocrx_word' id='word_1_261' title='bbox 152 3087 265 3148; x_wconf 87' lang='lat' dir='ltr'><strong>Sancti</strong></span> <span class='ocrx_word' id='word_1_262' title='bbox 287 3086 393 3161; x_wconf 92' lang='lat' dir='ltr'><strong>illius,</strong></span> <span class='ocrx_word' id='word_1_263' title='bbox 417 3085 472 3144; x_wconf 88' lang='lat' dir='ltr'><strong>uhi</strong></span> <span class='ocrx_word' id='word_1_264' title='bbox 496 3084 634 3165; x_wconf 87' lang='lat' dir='ltr'><strong>plurima</strong></span> <span class='ocrx_word' id='word_1_265' title='bbox 663 3093 856 3143; x_wconf 83' lang='lat' dir='ltr'><strong>sacramenta</strong></span> <span class='ocrx_word' id='word_1_266' title='bbox 877 3105 1065 3164; x_wconf 87' lang='lat' dir='ltr'><strong>percurrere</strong></span> <span class='ocrx_word' id='word_1_267' title='bbox 1087 3083 1258 3164; x_wconf 85' lang='lat' dir='ltr'><strong>videntur,</strong></span> 
     </span>
     <span class='ocr_line' id='line_1_33' title="bbox 142 3165 1169 3250; baseline 0 -22"><span class='ocrx_word' id='word_1_268' title='bbox 142 3179 226 3230; x_wconf 51' lang='lat' dir='ltr'><strong>*ante</strong></span> <span class='ocrx_word' id='word_1_269' title='bbox 249 3167 354 3230; x_wconf 80' lang='lat' dir='ltr'><strong>virum</strong></span> <span class='ocrx_word' id='word_1_270' title='bbox 373 3167 577 3250; x_wconf 79' lang='lat' dir='ltr'><strong>magnificum</strong></span> <span class='ocrx_word' id='word_1_271' title='bbox 602 3165 714 3242; x_wconf 89' lang='lat' dir='ltr'><strong>illum,</strong></span> <span class='ocrx_word' id='word_1_272' title='bbox 737 3174 797 3226; x_wconf 86' lang='lat' dir='ltr'><strong>etc.</strong></span> <span class='ocrx_word' id='word_1_273' title='bbox 831 3179 980 3248; x_wconf 80' lang='lat' dir='ltr'><strong>utsupra</strong></span> <span class='ocrx_word' id='word_1_274' title='bbox 999 3167 1169 3249; x_wconf 75' lang='lat' dir='ltr'><strong>pug.&#39;359.</strong></span> 
     </span>
    </p>
   </div>
   <div class='ocr_carea' id='block_1_8' title="bbox 236 3278 1256 3486">
    <p class='ocr_par' dir='ltr' id='par_1_8' title="bbox 236 3278 1256 3486">
     <span class='ocr_line' id='line_1_34' title="bbox 449 3278 940 3362; baseline -0.002 -22"><span class='ocrx_word' id='word_1_275' title='bbox 449 3281 572 3342; x_wconf 72' lang='lat' dir='ltr'><strong>Noctua</strong></span> <span class='ocrx_word' id='word_1_276' title='bbox 592 3278 631 3339; x_wconf 83' lang='lat' dir='ltr'><strong>cle</strong></span> <span class='ocrx_word' id='word_1_277' title='bbox 653 3279 756 3340; x_wconf 81' lang='lat' dir='ltr'><strong>herbis</strong></span> <span class='ocrx_word' id='word_1_278' title='bbox 778 3278 940 3362; x_wconf 76' lang='lat' dir='ltr'><strong>ntaleficis.</strong></span> 
     </span>
     <span class='ocr_line' id='line_1_35' title="bbox 236 3392 1256 3486; baseline -0.006 -28"><span class='ocrx_word' id='word_1_279' title='bbox 236 3392 416 3459; x_wconf 73' lang='lat' dir='ltr'><strong>CLXXIV,</strong></span> <span class='ocrx_word' id='word_1_280' title='bbox 458 3393 576 3455; x_wconf 79' lang='lat' dir='ltr'><strong>Notitia</strong></span> <span class='ocrx_word' id='word_1_281' title='bbox 597 3392 736 3486; x_wconf 82' lang='lat' dir='ltr'><strong>qualiter</strong></span> <span class='ocrx_word' id='word_1_282' title='bbox 759 3403 791 3453; x_wconf 90' lang='lat' dir='ltr'><strong>et</strong></span> <span class='ocrx_word' id='word_1_283' title='bbox 814 3394 930 3474; x_wconf 90' lang='lat' dir='ltr'><strong>quibus</strong></span> <span class='ocrx_word' id='word_1_284' title='bbox 951 3395 1171 3474; x_wconf 87' lang='lat' dir='ltr'><strong>praesentibus</strong></span> <span class='ocrx_word' id='word_1_285' title='bbox 1194 3417 1256 3456; x_wconf 66' lang='lat' dir='ltr'><strong>re·v</strong></span> 
     </span>
    </p>
   </div>
   <div class='ocr_carea' id='block_1_9' title="bbox 140 3475 1260 3725">
    <p class='ocr_par' dir='ltr' id='par_1_9' title="bbox 140 3475 1260 3725">
     <span class='ocr_line' id='line_1_36' title="bbox 153 3475 1260 3557; baseline 0 -19"><span class='ocrx_word' id='word_1_286' title='bbox 153 3477 246 3544; x_wconf 88' lang='lat' dir='ltr'><strong>niens</strong></span> <span class='ocrx_word' id='word_1_287' title='bbox 274 3477 394 3538; x_wconf 88' lang='lat' dir='ltr'><strong>semina</strong></span> <span class='ocrx_word' id='word_1_288' title='bbox 415 3475 522 3556; x_wconf 88' lang='lat' dir='ltr'><strong>aliqua</strong></span> <span class='ocrx_word' id='word_1_289' title='bbox 550 3496 680 3534; x_wconf 78' lang='lat' dir='ltr'><strong>nomine</strong></span> <span class='ocrx_word' id='word_1_290' title='bbox 702 3475 759 3534; x_wconf 88' lang='lat' dir='ltr'><strong>illa</strong></span> <span class='ocrx_word' id='word_1_291' title='bbox 781 3475 814 3534; x_wconf 90' lang='lat' dir='ltr'><strong>iu</strong></span> <span class='ocrx_word' id='word_1_292' title='bbox 836 3498 915 3557; x_wconf 75' lang='lat' dir='ltr'><strong>pago</strong></span> <span class='ocrx_word' id='word_1_293' title='bbox 940 3477 998 3537; x_wconf 91' lang='lat' dir='ltr'><strong>illo</strong></span> <span class='ocrx_word' id='word_1_294' title='bbox 1022 3477 1055 3535; x_wconf 92' lang='lat' dir='ltr'><strong>in</strong></span> <span class='ocrx_word' id='word_1_295' title='bbox 1083 3477 1260 3557; x_wconf 87' lang='lat' dir='ltr'><strong>mallopu-</strong></span> 
     </span>
     <span class='ocr_line' id='line_1_37' title="bbox 140 3556 1260 3635; baseline 0.002 -15"><span class='ocrx_word' id='word_1_296' title='bbox 140 3562 260 3635; x_wconf 67' lang='lat' dir='ltr'><strong>llice,</strong></span> <span class='ocrx_word' id='word_1_297' title='bbox 291 3560 325 3618; x_wconf 90' lang='lat' dir='ltr'><strong>in</strong></span> <span class='ocrx_word' id='word_1_298' title='bbox 347 3558 478 3619; x_wconf 87' lang='lat' dir='ltr'><strong>basilica</strong></span> <span class='ocrx_word' id='word_1_299' title='bbox 502 3558 610 3617; x_wconf 90' lang='lat' dir='ltr'><strong>Sancti</strong></span> <span class='ocrx_word' id='word_1_300' title='bbox 636 3556 746 3632; x_wconf 86' lang='lat' dir='ltr'><strong>illias,</strong></span> <span class='ocrx_word' id='word_1_301' title='bbox 776 3567 849 3618; x_wconf 91' lang='lat' dir='ltr'><strong>ante</strong></span> <span class='ocrx_word' id='word_1_302' title='bbox 870 3560 942 3619; x_wconf 91' lang='lat' dir='ltr'><strong>illos</strong></span> <span class='ocrx_word' id='word_1_303' title='bbox 966 3569 998 3620; x_wconf 84' lang='lat' dir='ltr'><strong>et</strong></span> <span class='ocrx_word' id='word_1_304' title='bbox 1020 3559 1093 3621; x_wconf 92' lang='lat' dir='ltr'><strong>illos</strong></span> <span class='ocrx_word' id='word_1_305' title='bbox 1114 3567 1147 3620; x_wconf 90' lang='lat' dir='ltr'><strong>et</strong></span> <span class='ocrx_word' id='word_1_306' title='bbox 1172 3559 1260 3622; x_wconf 85' lang='lat' dir='ltr'><strong>alios</strong></span> 
     </span>
     <span class='ocr_line' id='line_1_38' title="bbox 143 3638 1087 3725; baseline -0.003 -20"><span class='ocrx_word' id='word_1_307' title='bbox 143 3642 359 3725; x_wconf 87' lang='lat' dir='ltr'><strong>quamplures</strong></span> <span class='ocrx_word' id='word_1_308' title='bbox 377 3641 477 3702; x_wconf 86' lang='lat' dir='ltr'><strong>honos</strong></span> <span class='ocrx_word' id='word_1_309' title='bbox 498 3638 655 3716; x_wconf 90' lang='lat' dir='ltr'><strong>homines,</strong></span> <span class='ocrx_word' id='word_1_310' title='bbox 678 3649 736 3704; x_wconf 86' lang='lat' dir='ltr'><strong>etc.</strong></span> <span class='ocrx_word' id='word_1_311' title='bbox 759 3653 794 3699; x_wconf 87' lang='lat' dir='ltr'><strong>ut</strong></span> <span class='ocrx_word' id='word_1_312' title='bbox 813 3661 907 3723; x_wconf 81' lang='lat' dir='ltr'><strong>supra</strong></span> <span class='ocrx_word' id='word_1_313' title='bbox 923 3661 994 3725; x_wconf 80' lang='lat' dir='ltr'><strong>pag.</strong></span> <span class='ocrx_word' id='word_1_314' title='bbox 1017 3643 1087 3722; x_wconf 75' lang='lat'><strong>559.</strong></span> 
     </span>
    </p>
   </div>
   <div class='ocr_carea' id='block_1_10' title="bbox 521 3753 871 3820">
    <p class='ocr_par' dir='ltr' id='par_1_10' title="bbox 521 3753 871 3820">
     <span class='ocr_line' id='line_1_39' title="bbox 521 3753 871 3820; baseline 0.023 -8"><span class='ocrx_word' id='word_1_315' title='bbox 521 3754 630 3820; x_wconf 84' lang='lat' dir='ltr'><strong>Cautio</strong></span> <span class='ocrx_word' id='word_1_316' title='bbox 653 3753 692 3814; x_wconf 87' lang='lat' dir='ltr'><strong>de</strong></span> <span class='ocrx_word' id='word_1_317' title='bbox 715 3755 871 3819; x_wconf 81' lang='lat' dir='ltr'><strong>Cluvibus.</strong></span> 
     </span>
    </p>
   </div>
   <div class='ocr_carea' id='block_1_11' title="bbox 144 3865 1258 4200">
    <p class='ocr_par' dir='ltr' id='par_1_11' title="bbox 144 3865 1258 4200">
     <span class='ocr_line' id='line_1_40' title="bbox 236 3865 1257 3950; baseline 0 -20"><span class='ocrx_word' id='word_1_318' title='bbox 236 3869 396 3935; x_wconf 78' lang='lat' dir='ltr'><strong>CLXXV.</strong></span> <span class='ocrx_word' id='word_1_319' title='bbox 436 3871 521 3931; x_wconf 88' lang='lat' dir='ltr'><strong>Dum</strong></span> <span class='ocrx_word' id='word_1_320' title='bbox 546 3877 578 3932; x_wconf 83' lang='lat' dir='ltr'><strong>et</strong></span> <span class='ocrx_word' id='word_1_321' title='bbox 601 3869 748 3950; x_wconf 90' lang='lat' dir='ltr'><strong>pluribus</strong></span> <span class='ocrx_word' id='word_1_322' title='bbox 778 3865 960 3932; x_wconf 88' lang='lat' dir='ltr'><strong>hominibus</strong></span> <span class='ocrx_word' id='word_1_323' title='bbox 991 3876 1039 3928; x_wconf 91' lang='lat' dir='ltr'><strong>est</strong></span> <span class='ocrx_word' id='word_1_324' title='bbox 1060 3868 1257 3949; x_wconf 81' lang='lat' dir='ltr'><strong>patefactum</strong></span> 
     </span>
     <span class='ocr_line' id='line_1_41' title="bbox 144 3949 1256 4037; baseline -0.002 -25"><span class='ocrx_word' id='word_1_325' title='bbox 144 3953 289 4037; x_wconf 76' lang='lat' dir='ltr'><strong>&#39;qualiter</strong></span> <span class='ocrx_word' id='word_1_326' title='bbox 312 3953 345 4014; x_wconf 91' lang='lat' dir='ltr'><strong>in</strong></span> <span class='ocrx_word' id='word_1_327' title='bbox 366 3953 427 4015; x_wconf 88' lang='lat' dir='ltr'><strong>Dei</strong></span> <span class='ocrx_word' id='word_1_328' title='bbox 452 3949 581 4012; x_wconf 91' lang='lat' dir='ltr'><strong>nomine</strong></span> <span class='ocrx_word' id='word_1_329' title='bbox 600 3951 656 4012; x_wconf 88' lang='lat' dir='ltr'><strong>ille</strong></span> <span class='ocrx_word' id='word_1_330' title='bbox 678 3951 811 4013; x_wconf 81' lang='lat' dir='ltr'><strong>veniens</strong></span> <span class='ocrx_word' id='word_1_331' title='bbox 829 3949 862 4008; x_wconf 92' lang='lat' dir='ltr'><strong>in</strong></span> <span class='ocrx_word' id='word_1_332' title='bbox 880 3951 1035 4031; x_wconf 88' lang='lat' dir='ltr'><strong>placitum</strong></span> <span class='ocrx_word' id='word_1_333' title='bbox 1050 3959 1124 4010; x_wconf 88' lang='lat' dir='ltr'><strong>ante</strong></span> <span class='ocrx_word' id='word_1_334' title='bbox 1140 3971 1256 4030; x_wconf 89' lang='lat' dir='ltr'><strong>quam—</strong></span> 
     </span>
     <span class='ocr_line' id='line_1_42' title="bbox 148 4031 1258 4122; baseline -0.001 -27"><span class='ocrx_word' id='word_1_335' title='bbox 148 4036 258 4122; x_wconf 85' lang='lat' dir='ltr'><strong>plures</strong></span> <span class='ocrx_word' id='word_1_336' title='bbox 279 4037 381 4095; x_wconf 86' lang='lat' dir='ltr'><strong>bonos</strong></span> <span class='ocrx_word' id='word_1_337' title='bbox 412 4035 558 4096; x_wconf 86' lang='lat' dir='ltr'><strong>homines</strong></span> <span class='ocrx_word' id='word_1_338' title='bbox 580 4035 731 4094; x_wconf 81' lang='lat' dir='ltr'><strong>adversus</strong></span> <span class='ocrx_word' id='word_1_339' title='bbox 751 4031 915 4092; x_wconf 85' lang='lat' dir='ltr'><strong>homiuem</strong></span> <span class='ocrx_word' id='word_1_340' title='bbox 938 4033 1067 4091; x_wconf 74' lang='lat' dir='ltr'><strong>nomine</strong></span> <span class='ocrx_word' id='word_1_341' title='bbox 1090 4033 1183 4092; x_wconf 85' lang='lat' dir='ltr'><strong>illum</strong></span> <span class='ocrx_word' id='word_1_342' title='bbox 1200 4054 1258 4096; x_wconf 78' lang='lat' dir='ltr'><strong>re-</strong></span> 
     </span>
     <span class='ocr_line' id='line_1_43' title="bbox 146 4114 1119 4200; baseline -0.005 -20"><span class='ocrx_word' id='word_1_343' title='bbox 146 4118 326 4200; x_wconf 83' lang='lat' dir='ltr'><strong>petebat&#39;ei</strong></span> <span class='ocrx_word' id='word_1_344' title='bbox 350 4118 426 4178; x_wconf 77' lang='lat' dir='ltr'><strong>dura</strong></span> <span class='ocrx_word' id='word_1_345' title='bbox 453 4117 584 4193; x_wconf 84' lang='lat' dir='ltr'><strong>diceret,</strong></span> <span class='ocrx_word' id='word_1_346' title='bbox 607 4125 666 4178; x_wconf 90' lang='lat' dir='ltr'><strong>ete.</strong></span> <span class='ocrx_word' id='word_1_347' title='bbox 689 4130 722 4175; x_wconf 85' lang='lat' dir='ltr'><strong>ut</strong></span> <span class='ocrx_word' id='word_1_348' title='bbox 743 4135 846 4198; x_wconf 82' lang='lat' dir='ltr'><strong>supra.</strong></span> <span class='ocrx_word' id='word_1_349' title='bbox 869 4137 939 4198; x_wconf 82' lang='lat' dir='ltr'><strong>pag.</strong></span> <span class='ocrx_word' id='word_1_350' title='bbox 960 4114 1030 4190; x_wconf 69' lang='lat'><strong>405.</strong></span> <span class='ocrx_word' id='word_1_351' title='bbox 1116 4181 1119 4186; x_wconf 59' lang='grc'><em>,</em></span> 
     </span>
    </p>
   </div>
   <div class='ocr_carea' id='block_1_12' title="bbox 0 0 1384 4980">
    <p class='ocr_par' dir='ltr' id='par_1_12' title="bbox 0 0 1384 4980">
     <span class='ocr_line' id='line_1_44' title="bbox 0 0 1384 4980; baseline 0 0"><span class='ocrx_word' id='word_1_352' title='bbox 0 0 1384 4980; x_wconf 95' lang='lat' dir='ltr'><strong> </strong></span> 
     </span>
    </p>
   </div>
  </div>
 </body>
</html>
