2734 4990
519 327 779 386 sruurmnoau
1128 300 1203 378 439

91 469 226 556 agnatio
242 468 283 532 de
300 469 369 553 ipso
388 490 481 533 servo
496 479 607 532 nostro
625 493 665 534 ex
685 479 718 534 te
732 466 925 555 apparuerit,
937 465 973 528 iu
994 463 1123 528 nullum
1139 486 1204 530 ser·

93 557 216 618 vitium
246 575 305 614 nec
334 553 423 613 uobis
459 575 520 614 nee
555 553 727 616 heredibus
759 575 797 615 ac
822 548 1054 637 proheredibus
1086 546 1203 612 nornis

96 638 287 697 nullatenus
313 635 426 696 debeat
454 635 631 708 adserriri;
658 639 746 714 sed,
780 635 863 697 sicut
887 632 1049 710 diximus,
1077 639 1203 692 tentum

98 728 258 800 quantum
285 728 316 778 et
339 719 468 800 agnatio
486 730 555 798 tua,
577 721 634 802 qui
659 721 698 781 de
722 719 790 801 ipso
812 737 905 782 servo
927 721 1203 808 nostroprooree·

98 801 125 860 ti
152 801 283 880 fuerint,
304 801 392 860 omni
416 811 562 883 tempore
595 801 728 882 ingenui
751 801 825 870 sint,
858 808 890 862 et
917 797 1051 878 ingenus
1076 817 1204 888 perma-

100 892 207 959 neant,
229 891 378 964 tanquam
401 883 427 944 si
454 884 493 944 ab
520 884 670 966 ingenuis
691 885 877 966 parentibus
896 879 1034 941 fuissent
1053 899 1204 959 procrea·

100 965 125 1024 ti
145 965 195 1026 rel
217 965 293 1026 nati.
333 964 503 1027 Peculiare
525 987 601 1028 vero
629 989 723 1028 suum
750 967 819 1029 sive
841 961 1093 1037 conlaboratum,
1114 960 1204 1044 quod

96 1045 254 1130 praesenti
283 1056 425 1128 tempore
449 1049 566 1110 hahere
585 1049 750 1126 ridentur,
772 1049 824 1111 rel
848 1046 999 1124 deinceps
1019 1043 1136 1106 hahere
1150 1056 1205 1127 po'·

95 1129 229 1205 tuerint,
251 1130 311 1192 sibi
343 1132 482 1192 habeant
507 1153 696 1195 concessum
721 1143 817 1216 atque
851 1127 1022 1192 indultum.
1063 1127 1187 1190 Muude

92 1210 234 1272 burdam
257 1214 308 1273 vel
338 1215 560 1276 defensionem
589 1216 777 1296 ubicunque
807 1213 928 1292 eligere
952 1208 1134 1286 voluerint,
1159 1209 1206 1270 ti-

92 1294 233 1355 centiam
253 1294 393 1356 habeant
413 1297 565 1379 eligendi.
607 1297 700 1358 Sicut
725 1297 812 1357 cives
826 1290 972 1366 Romani,
992 1301 1099 1374 portas
1115 1311 1207 1373 aper¹

90 1386 140 1437 tas
164 1375 314 1454 habeant,
336 1391 535 1461 pergantque
566 1389 689 1458 partem
715 1399 813 1461 quam
839 1373 1005 1440 voluerint
1030 1375 1194 1436 ambulare

89 1457 136 1520 Et
160 1459 244 1532 nulli
273 1459 427 1520 heredum
451 1484 487 1522 ac
511 1463 726 1542 proheredum
749 1469 931 1522 nostrorum
958 1465 995 1516 tu
1018 1465 1052 1518 et
1076 1453 1205 1537 agnatio

92 1550 162 1616 tua,
184 1542 268 1602 siout
290 1543 447 1621 diximus,
469 1543 572 1604 ullum
590 1545 741 1626 deinceps
753 1543 895 1605 'reddere
922 1539 1062 1602 debeatis
1084 1539 1206 1602 liberti-

93 1620 207 1683 nitatis
237 1623 444 1703 obsequium
474 1628 530 1688 sed
554 1628 650 1708 magis
677 1627 758 1688 baec
787 1624 922 1707 epistola
948 1621 1121 1684 triscabiue
1140 1628 1206 1686 tam

97 1705 116 1762 d
138 1726 189 1764 me
211 1727 307 1785 quam
330 1707 368 1766 ab
389 1707 561 1774 heredibus
587 1709 665 1769 meis
690 1709 854 1770 defensata
877 1706 1128 1787 omnitempore
1148 1704 1206 1768 fir·

99 1805 153 1844 mu
175 1795 207 1862 et
230 1787 350 1850 stabilis
369 1805 564 1872 permaneat,
585 1789 790 1873 stipulatione
819 1787 974 1851 subnexa.
1014 1787 1139 1855 Acten.

243 1894 301 1981 ¹Ut
319 1941 380 2003 pro
402 1921 566 1981 nativitate
586 1921 677 2002 Regis
701 1920 829 2000 ingenui
853 1919 1065 2000 rehrereflet..
1139 1977 1143 1987 .

181 2031 361 2095 thtxtX.
403 2033 466 2096 Ille
487 2036 556 2095 Rex
575 2035 646 2094 viro
679 2033 804 2096 inlustri
825 2032 876 2094 illi
894 2032 1023 2100 comiti.
1063 2033 1150 2095 Dum
1169 2038 1204 2096 et

98 2114 193 2177 nobis
219 2116 324 2176 divina
351 2115 452 2196 pietas
472 2117 561 2176 iuxta
581 2127 692 2178 votum
710 2117 872 2178 Fidelium
891 2125 923 2178 et
938 2118 1114 2178 Procerum
1132 2135 1205 2180 που·

96 2209 233 2276 trorum,
256 2199 295 2261 de
317 2189 481 2261 nativitate
496 2193 557 2259 filii
573 2199 685 2290 nostri,
707 2207 768 2266 eto.
788 2211 822 2260 ut
838 2219 935 2286 supra
946 2219 1020 2285 pag.
1039 2199 1112 2284 309.

311 2291 315 2301 .
461 2315 607 2401 Epistola
629 2317 840 2398 ingenuitatis.

179 2429 247 2489 XC.
288 2429 358 2512 Ego
379 2431 411 2489 in
438 2431 497 2493 Dei
521 2430 652 2493 nomine
673 2430 730 2493 ille
751 2429 962 2507 Domesticos,
984 2453 1022 2496 ao
1042 2433 1072 2494 si*
1092 2431 1203 2518 indig-

98 2531 171 2579 nns,
194 2510 323 2591 gloriosi
355 2513 473 2573 Domni
496 2513 584 2575 illius
599 2514 696 2598 Regis
717 2527 814 2598 super
836 2514 932 2579 villas
951 2514 1051 2599 ipsius
1072 2513 1144 2578 illas
1163 2535 1206 2581 ex

95 2591 218 2652 familia
246 2593 405 2655 dominica
434 2597 500 2661 illa.
540 2596 626 2658 Dum
652 2596 846 2681 generaliter
862 2601 905 2682 ¹ad
933 2619 1044 2664 omnes
1065 2598 1203 2664 nomes·

97 2673 178 2734 ticos
213 2676 309 2758 Regis
343 2677 506 2739 ordinatio
534 2679 691 2759 processit
720 2698 781 2762 pro
815 2683 983 2750 nativitate
1019 2679 1202 2745 domnioittt

98 2757 219 2836 nostri,
247 2769 307 2821 ete.
328 2773 361 2820 ut
385 2782 481 2842 supra
502 2781 577 2845 pag,
592 2763 665 2838 341:

311 2893 536 2954 Inoururrarrs
567 2907 700 2954 ntvruso
734 2905 823 2956 rtono
854 2917 981 2972 saorra.
1070 2901 1074 2912 '

401 3009 580 3088 Irzgeauitas
605 3010 625 3070 ia
652 3009 705 3070 die
727 3024 900 3096 praesente.

183 3113 268 3180 XCl,
310 3115 372 3191 Qui
391 3117 531 3177 debitum
550 3116 609 3196 sibi
632 3139 751 3180 nexum
766 3117 890 3182 relaxat
912 3119 1091 3198 servitium,
1106 3143 1203 3206 prae-

99 3197 199 3256 mium
226 3197 259 3255 in
276 3199 385 3258 futuro
408 3201 580 3260 Dominum
597 3198 654 3260 sihi
673 3200 822 3280 tribuerev
837 3201 986 3267 confidat.
1028 3204 1204 3289 lgiturego

96 3279 131 3338 in
157 3279 215 3338 Dei
246 3281 373 3342 nomine
395 3279 451 3343 ille
477 3285 542 3364 'pro'
565 3282 709 3343 remedio
728 3282 851 3345 animae
882 3305 973 3348 meae
993 3285 1047 3348 rel
1073 3295 1220 3352 aeterra·

97 3361 333 3442 retributione,
354 3372 413 3431 etc.
448 3377 483 3425 at
505 3385 602 3447 supra
620 3385 691 3448 pag.
713 3365 783 3431 580.
845 3413 848 3420 .
1013 3371 1015 3380 ’
1065 3379 1102 3412 '¹
1199 3379 1200 3384 ’

494 3478 575 3538 Item
602 3477 665 3540 alio
691 3478 796 3542 modo.

181 3591 286 3657 xctt.
326 3596 392 3672 Qui
428 3594 570 3656 debitum
605 3593 665 3657 sibi
708 3617 824 3660 nexum
860 3600 984 3684 relaxat
1013 3601 1203 3687 servitium,

98 3674 281 3750 mercedem
307 3676 338 3735 in
360 3681 469 3738 tartaro
491 3677 666 3740 Dominum
681 3677 742 3742 sibi
762 3682 942 3744 retribuere
967 3683 1115 3752 confidat.
1140 3687 1203 3772 Igi-

97 3763 154 3813 tur
179 3777 237 3836 ego
267 3758 300 3816 in
327 3761 388 3819 Dei
418 3759 549 3822 nomine
576 3759 633 3823 ille
665 3771 698 3824 et
723 3764 843 3827 coniux
870 3785 942 3828 mee
969 3764 1045 3846 illu,
1073 3776 1135 3834 eto.
1166 3783 1203 3833 ut

97 3847 196 3920 supra
213 3860 286 3922 pag.
318 3842 388 3909 533.

359 3977 438 4033 Item
462 3965 525 4035 alio
547 3973 641 4036 modo
658 3989 732 4060 port
754 3975 936 4040 discessum.

180 4071 301 4170 xciii·
344 4077 471 4172 IJileoto
504 4100 562 4138 suo
593 4078 642 4138 illi
670 4090 727 4141 eut
754 4080 815 4146 itti.
855 4083 920 4145 Pro
949 4102 1097 4174 respectu
1113 4042 1201 4164 =fidei
1226 4113 1228 4117 ’

99 4172 140 4218 ao
164 4167 285 4242 servitu
316 4161 566 4254 tuaquomihi
592 4161 775 4240 famularis,
799 4185 858 4264 pro
878 4169 1066 4244 remissione
1083 4201 1199 4266 peetu-

10 4283 16 4300 ,
98 4245 204 4294 torum
223 4259 389 4318 meorum,
412 4255 473 4308 etc,
500 4257 652 4325 utsupra
673 4263 747 4328 pag.
777 4246 846 4308 323.
918 4303 920 4308 .
