2734 4990
505 297 762 367 tinaraaaoou
1125 296 1199 371 451

78 444 201 521 subter
219 473 222 484 ¹
241 455 465 532 firmaverunt,
499 464 618 515 terram
654 453 763 532 illam,
801 451 834 514 id
861 460 910 516 est
943 461 1004 520 ete.
1033 469 1069 518 ut
1103 477 1201 544 supra

101 561 184 622 pag.
211 539 283 614 354.

372 617 447 679 Alio
470 620 640 682 traditoria
665 616 706 678 de
726 616 921 680 venditione.

177 733 286 801 CLIV.
328 735 448 796 Notitia
466 737 605 817 qualiter
630 744 662 796 et
687 734 804 816 quibus
822 734 1044 816 praesentibus
1064 739 1199 806 veniens

88 813 190 881 bomo
218 818 332 899 aliquis
358 820 489 879 nomine
513 818 569 878 ille
598 817 712 878 Missus
741 817 877 879 illustris
903 816 964 877 viri
990 819 1079 882 illius
1102 845 1201 906 super

92 901 195 965 fluvio
219 901 287 978 illo,
310 902 344 959 in
367 901 441 962 loco
466 900 522 983 qui
547 900 668 960 dicitur
695 899 764 978 ille,
780 899 888 966 ,illum
915 921 1059 964 mansum
1085 915 1145 969 etc.
1166 918 1201 969 ut

93 1005 189 1069 supro
212 1003 283 1066 pag.
314 982 385 1058 354.

535 1090 611 1150 Alio
633 1088 776 1154 traditio.

173 1205 270 1270 CLV.
311 1203 432 1265 Notitiu
451 1203 524 1265 loco
541 1199 735 1279 traditionis,
748 1203 888 1284 qualiter
909 1207 959 1268 vel
981 1209 1098 1291 quibus
1112 1227 1203 1293 prae·

89 1287 238 1352 sentibus
262 1297 336 1348 ante
363 1309 416 1347 eos
446 1287 502 1368 qui
536 1287 647 1346 subter
672 1285 900 1365 firmaverunt,
935 1289 1043 1372 ibique
1068 1293 1204 1356 veniens

87 1365 190 1433 bomo
218 1369 336 1452 aliquis
366 1369 497 1429 nomine
529 1368 585 1428 ille
613 1368 685 1428 illas
713 1388 765 1428 res
799 1369 853 1429 vel
881 1370 973 1432 villas
1000 1374 1091 1450 illas,
1122 1396 1201 1456 quas

90 1457 161 1537 ipse
189 1459 262 1512 ante
282 1451 341 1512 hos
371 1451 439 1511 dies
463 1471 521 1532 per
549 1472 636 1510 suam
660 1450 828 1531 epistolam
857 1452 1040 1526 donationis
1065 1447 1104 1516 ad
1131 1459 1203 1520 Μο-

90 1535 272 1597 nasterium
293 1534 427 1593 illudio
446 1531 601 1592 honorem
619 1534 808 1593 Sanctorum
826 1532 955 1594 illorum
973 1547 1204 1620 constructum,

93 1619 152 1679 ubi
173 1614 333 1676 Dominus
357 1615 414 1674 ille
427 1613 523 1673 'Abba
540 1635 683 1696 praeesse
704 1613 875 1691 videraut
900 1617 951 1676 die
972 1629 1139 1700 praesente
1163 1623 1205 1688 ad

95 1703 262 1780 integrum
296 1696 453 1757 concessit
485 1706 515 1756 et
550 1696 751 1758 confirmavit
780 1697 866 1770 (iam
892 1701 1022 1760 nomina
1050 1701 1116 1780 ill.)
1145 1725 1205 1787 per

96 1789 206 1865 portas
233 1789 264 1840 et
291 1801 350 1861 per
372 1778 474 1860 ostia,
510 1788 541 1839 et
569 1779 684 1838 dictam
710 1779 917 1840 donatiouem
940 1783 980 1843 ad
1005 1783 1138 1846 Missum
1164 1788 1205 1849 de

99 1861 284 1945 supradicto
305 1861 499 1920 Monasterio
526 1861 577 1920 vel
598 1860 675 1946 dicti
696 1859 826 1922 Abbatis
849 1863 979 1924 nomine
1006 1865 1100 1927 illum
1119 1868 1206 1932 visus

96 1947 163 2005 suit
187 1943 375 2027 peremnia
400 1941 487 2002 etin
514 1942 672 2019 omnibus,
694 1952 850 2024 quantum
879 1945 935 2004 illa
963 1946 1097 2030 epistola
1122 1972 1207 2013 com·

95 2025 489 2088 memoratet'insertum
509 2036 574 2102 cst,
597 2025 813 2106 consignavit,
836 2027 987 2106 tradidit,
1010 2039 1041 2089 et
1062 2033 1206 2108 vestivit,

95 2119 130 2171 et
151 2131 211 2190 per
232 2107 396 2189 durpilum
423 2116 457 2166 et
481 2107 638 2167 festucam
663 2107 722 2168 sibi
745 2109 828 2170 foras
849 2108 971 2169 exitum
992 2111 1137 2175 alienum
1151 2117 1205 2178 vel

96 2192 269 2274 spoliatum
283 2191 316 2249 in
337 2188 485 2249 omnibus
502 2210 569 2250 esse
585 2189 678 2267 dixit,
696 2198 727 2250 et
745 2190 851 2252 omnia
866 2189 1018 2276 wirpivit,
1040 2193 1091 2258 his
1109 2219 1206 2282 prae.

95 2275 251 2336 sentibus.
292 2271 410 2338 Actum
431 2271 494 2331 fuit
515 2272 569 2332 ibi.
611 2273 654 2334 Et
679 2272 813 2354 reliqua.

510 2385 583 2444 Atia
605 2385 785 2452 traditoria.

95 2511 96 2514 η
178 2467 294 2532 CLVl.
334 2465 458 2530 Notitia
485 2468 720 2544 traditionalis,
753 2470 805 2529 vel
833 2469 950 2552 quibus
981 2477 1205 2557 praesentibus

96 2549 188 2614 venit
211 2553 307 2612 bomo
341 2549 459 2631 aliquis
490 2551 618 2610 nomine
643 2550 700 2610 ille
731 2551 771 2610 ad
796 2551 888 2612 illum
916 2577 1079 2636 mansum,
1108 2584 1208 2643 quem

96 2643 170 2694 ante
192 2635 250 2695 hos
270 2635 339 2696 dies
361 2653 422 2714 per
444 2631 622 2692 chartulam
644 2632 839 2696 venditionis
863 2638 902 2698 ad
923 2638 1027 2698 filium
1043 2661 1137 2702 sunm
1154 2647 1208 2706 ad.

97 2718 235 2777 firmavit
259 2739 317 2798 per
340 2717 457 2776 ostium
478 2724 510 2774 et
533 2715 680 2793 anatolia,
702 2736 761 2795 per
780 2715 913 2778 herbam
937 2729 970 2780 et
989 2723 1088 2786 vitem
1110 2726 1140 2786 ei
1161 2727 1208 2787 vi.

99 2821 150 2860 sus
177 2799 347 2860 tradidisse
369 2798 421 2858 vel
445 2798 656 2878 consignasse,
680 2804 712 2859 et
739 2799 860 2860 exitum
892 2801 967 2865 inde
988 2825 1021 2866 se
1044 2805 1133 2888 secit,
1156 2808 1206 2872 hia

99 2882 329 2961 praesentibus.
368 2881 410 2942 Et
431 2879 567 2960 reliqua.
845 2889 847 2894 '

488 2994 581 3055 Curta
607 2987 820 3076 audientialis.

184 3107 312 3173 CLVII.
353 3113 432 3173 Cum
455 3113 487 3172 in
511 3123 616 3173 nostra
640 3114 690 3173 vel
715 3114 892 3174 Procerum
913 3121 1095 3178 nostrorum
1107 3138 1204 3198 prae-

98 3189 202 3249 sentia
229 3189 325 3249 homo
354 3196 483 3256 nomine
511 3196 568 3256 ille
593 3195 760 3254 hominem
790 3196 933 3275 aliquem
956 3198 1085 3264 nomine
1111 3203 1205 3266 illum

96 3273 345 3354 interpellasset,
368 3277 444 3337 dum
466 3278 589 3338 diceret
610 3279 699 3359 quod
714 3297 807 3336 servo
827 3300 885 3339 suo
906 3279 1036 3344 nomine
1059 3283 1117 3344 illo
1139 3307 1204 3348 una

95 3376 169 3413 cum
196 3357 297 3416 rauba
317 3380 373 3418 sua
394 3371 451 3424 etc.
473 3374 507 3419 ut
526 3378 622 3443 supro
638 3379 709 3442 pag.
732 3359 802 3424 308.

273 3473 434 3534 Iudicium
462 3473 661 3543 evideutale,
685 3473 747 3532 sive
774 3471 882 3534 clearco
903 3475 1024 3542 iectiva.

177 3585 327 3649 CLVIII.
371 3589 515 3653 Veniens
542 3588 598 3648 ille
629 3587 664 3646 in
688 3598 828 3648 nostram
851 3589 902 3650 vel
926 3594 1103 3656 Procerum
1125 3621 1201 3663 nost

95 3675 218 3728 trorum
239 3671 473 3751 praesentiam,
496 3669 653 3751 suggessit
673 3671 761 3750 quod
789 3671 885 3732 horno
909 3676 1040 3737 nomine
1061 3679 1118 3742 ille
1141 3705 1201 3766 pa-

96 3750 201 3829 gensis
228 3760 334 3814 vester
358 3753 488 3815 eumin
514 3753 604 3831 villa,
630 3750 720 3812 nulla
740 3763 890 3816 manente
912 3779 1016 3836 causa,
1039 3761 1202 3829 adsalliset

96 3839 155 3892 etc.
182 3845 217 3892 ut
235 3853 331 3918 supra
349 3855 420 3922 pag·
442 3836 512 3898 308.

273 3977 275 3983 ⁸
376 3951 541 4014 indiculus
569 3951 682 4030 regalis
709 3948 749 4012 de
774 3947 909 4012 iectiois.

175 4059 292 4128 thx.
322 4059 408 4138 llle'
427 4067 498 4126 Rex
524 4067 725 4128 Francorum
756 4067 809 4125 vir
837 4063 991 4130 inlustris.
1033 4073 1197 4146 Cum-nos

97 4143 129 4203 iu
157 4144 219 4206 Dei
243 4147 373 4210 nomine
402 4148 436 4208 in
465 4149 581 4230 palatio
615 4159 724 4209 nostro
759 4148 799 4208 ad
835 4150 1060 4217 universorum
1089 4183 1198 4227 catrsas

97 4225 289 4298 audiendum
300 4230 354 4294 vel
371 4240 457 4294 recta
472 4231 592 4296 iudicia
606 4227 916 4296 terminandumcte.
926 4247 960 4296 ut
975 4258 1070 4323 supra
1082 4265 1116 4330 p.
1126 4247 1197 4310 361.
