2676 4976
505 272 704 333 alsatiam·
1093 263 1167 338 eta

77 443 157 491 sume
176 438 229 484 sex
250 417 343 480 siclos
372 419 412 482 de
435 419 510 481 rino
539 418 571 478 in
600 416 733 478 cellario
759 414 911 500 Episcopi
942 417 982 482 ad
1011 423 1169 488 Constan-

77 514 160 584 tiam,
180 511 210 566 et
229 501 377 585 praecipe
400 513 536 584 quatuor
555 501 677 576 servis,
699 508 734 558 ut
755 520 819 560 una
840 499 1039 564 hebdomada
1056 508 1169 572 diebus

77 613 149 676 quos
173 583 367 646 indomicum
401 585 539 657 debent,
567 583 656 663 ligna
689 581 813 664 fagina,
842 591 874 643 et
903 594 1029 646 caetera
1050 590 1169 672 optima

79 669 205 756 quotidie
226 666 405 741 adducant,
427 676 460 726 et
480 686 539 726 ora
561 685 735 746 congrega,
757 672 794 724 ut
813 666 943 744 quaudo
967 689 1025 751 ego
1047 692 1169 734 venero

81 753 173 816 omnia
191 757 295 832 parata
315 748 500 824 inveniam,
530 746 555 806 si
577 758 684 808 cutem
711 756 744 808 et
762 747 894 830 capillos
916 748 1034 813 habere
1054 755 1168 816 volue-

82 839 130 900 ris.
163 832 245 896 Vale.

153 913 263 978 XXlll.
285 911 466 995 Episcopus
486 911 688 972 Procuratori
719 932 777 971 suo
804 911 842 972 N.
862 910 981 998 Accipe
1004 917 1170 999 epistolam

84 999 179 1076 istam,
198 1005 226 1055 et
241 997 433 1057 commenda
447 995 536 1055 illam
548 994 644 1054 alicui
659 993 899 1055 tributariorum
913 1006 1094 1059 nostrornm
1111 1000 1169 1082 qui

84 1081 219 1143 cavallum
232 1076 351 1154 habet,
374 1087 407 1139 et
420 1077 568 1158 praecipe
588 1076 655 1152 illi,
677 1084 713 1134 ut
727 1096 786 1137 nec
808 1076 937 1140 dieuco
957 1091 1050 1142 nocte
1066 1083 1171 1162 quies·-

82 1173 139 1241 cat,
162 1162 259 1222 donec
277 1181 351 1220 eam
368 1160 409 1221 ad
429 1159 635 1241 Tringonilla
648 1157 760 1217 Maiori
774 1158 905 1225 deferat.
947 1162 1044 1240 Quod
1058 1166 1084 1224 si
1099 1164 1171 1224 nul·

78 1246 122 1306 lus
139 1263 242 1304 corum
265 1242 328 1303 tibi
350 1241 528 1317 obedierit,
549 1250 586 1302 tu
607 1240 673 1321 ipse
696 1261 762 1300 eam
789 1241 870 1302 illuc
892 1242 1001 1322 defer,
1023 1254 1056 1306 et
1076 1266 1169 1327 prae·

79 1328 138 1408 cipe
158 1324 223 1401 illi,
245 1332 283 1384 ut
304 1323 394 1386 diem
413 1346 486 1384 cum
510 1332 602 1384 nocte
629 1321 847 1383 continuando
863 1324 899 1388 N.
922 1345 991 1388 eam
1010 1331 1170 1409 perferat,

79 1418 105 1471 et
122 1407 198 1467 hanc
218 1406 420 1467 brevioolam
440 1413 579 1488 apertam
598 1403 648 1464 illi
671 1405 811 1485 signatae
833 1405 989 1487 coargilae
1016 1420 1052 1470 ut
1079 1419 1115 1472 tu
1138 1421 1171 1474 et

77 1490 168 1553 socius
185 1499 259 1550 tuus
285 1499 320 1550 et
346 1489 414 1572 ipse
440 1489 477 1553 N.
505 1486 649 1564 noverit,
675 1487 763 1568 quod
789 1485 846 1568 qui
871 1507 930 1568 per
950 1490 1171 1575 cuiuscunque

74 1582 203 1632 vestrum
223 1571 411 1652 neglectum
433 1568 624 1650 contigerit,
644 1579 680 1628 ut
703 1569 770 1650 ipsa
789 1567 933 1648 Epistola
955 1573 993 1633 N.
1012 1574 1170 1658 Episcopo

75 1664 140 1716 ante
161 1655 247 1716 istam
278 1652 473 1714 dominicam
496 1672 562 1710 nou
588 1651 713 1726 veniat,
737 1651 882 1714 omnibus
909 1654 987 1714 meis
1015 1664 1047 1715 et
1071 1658 1171 1738 gratia

76 1758 136 1798 mea
151 1733 341 1819 privabitur.
382 1734 417 1795 Si
433 1742 538 1793 autem
554 1732 612 1793 tibi
632 1733 670 1798 N.
686 1733 828 1811 venerit,
851 1745 984 1816 expecta
1001 1755 1052 1798 me
1074 1739 1107 1798 in
1124 1739 1170 1800 lo·

74 1842 127 1894 co,
147 1829 176 1879 et
190 1839 265 1897 para
283 1817 365 1876 mihi
384 1815 577 1898 hospitium,
596 1815 671 1896 quia
688 1816 720 1874 in
741 1815 889 1897 sequenti
910 1815 1110 1882 hebdomada
1131 1823 1172 1884 ad

76 1912 103 1961 te
118 1901 147 1959 in
168 1901 262 1960 illum
283 1901 411 1976 locum,
431 1897 561 1980 propria
581 1897 773 1976 Divinitate,
797 1897 906 1960 venire
932 1899 1072 1978 debebo,
1095 1902 1171 1966 inde

75 1982 110 2041 ad
129 1982 368 2064 strateburgum
392 1987 606 2062 perrecturus.
647 1979 688 2039 Et
714 1990 878 2040 strenuom
901 1981 1033 2043 Missum
1053 1984 1172 2067 dirige,

75 2067 126 2143 qui
151 2065 249 2146 ipsam
276 2064 456 2145 Epistulam
484 2063 522 2124 Ν.
550 2059 609 2122 sub
636 2062 723 2120 omni
749 2061 912 2122 celeritate
942 2078 1171 2148 repraesentet.

79 2146 208 2208 Caeteris
226 2145 326 2206 etiam
345 2143 619 2227 compresbyteris
644 2144 708 2204 tuis
731 2143 771 2204 de
791 2163 863 2205 meo
882 2144 1024 2207 adventu
1046 2148 1172 2229 indica,

78 2228 147 2308 quia
165 2249 274 2310 spero,
296 2227 387 2310 quod
408 2226 579 2308 Augiensis
598 2224 701 2286 Abbas
722 2235 754 2286 et
773 2227 886 2288 Comes
910 2225 950 2289 N.
968 2250 1094 2291 mecum
1114 2255 1172 2297 ve·

80 2311 177 2385 uiant,
199 2319 234 2370 ut
251 2309 379 2390 aliquid
397 2308 463 2369 illis
482 2308 666 2391 impendere
682 2308 814 2374 valeam.
855 2308 947 2376 Vale.

148 2391 266 2458 XXIV.
290 2394 424 2454 Sanctae
448 2391 716 2472 Mogontiaceusis
737 2390 900 2452 Ecclesiae
924 2394 1054 2456 Praesul
1077 2398 1173 2462 -fratri

80 2482 107 2533 ct
125 2473 291 2537 Sacerdoti
313 2475 351 2540 N.
374 2473 408 2534 in
433 2473 594 2534 Salvatore
622 2473 733 2532 muudi
765 2474 908 2540 salutem.
950 2476 1091 2542 Dilectio
1119 2492 1173 2544 tua

80 2556 176 2634 novit,
197 2557 292 2639 quod
312 2555 568 2618 arecordatioue
595 2555 770 2617 iuventutis
790 2565 880 2631 tuac,
910 2564 946 2616 ut
966 2581 1061 2640 reor,
1082 2585 1173 2626 num*-

79 2659 167 2718 quam
185 2639 218 2697 in
244 2648 356 2700 nostra
381 2637 530 2699 Dioecesi
551 2637 781 2719 Episcoporum
807 2639 991 2700 Concilium
1012 2655 1058 2705 est
1078 2645 1171 2708 habi.

81 2728 153 2793 tum;
175 2721 346 2782 etidcirco
367 2729 464 2802 puto,
488 2719 566 2799 quin
582 2719 687 2801 potius
706 2731 835 2798 metuo,
857 2723 945 2803 quod
967 2723 1000 2783 in
1017 2727 1172 2794 Ecclesiis

83 2812 195 2864 nostrae
222 2802 396 2888 pusillitati
425 2801 597 2862 commissis
629 2803 727 2863 multu
755 2805 886 2884 grandia
911 2813 943 2864 et
964 2805 1173 2892 insanabilia,

82 2892 142 2943 tum
160 2896 293 2968 propter
320 2885 437 2946 suimet
462 2883 700 2961 enormitatem,
723 2893 790 2944 tum
812 2886 905 2944 etiam
926 2900 1058 2972 propter
1079 2894 1174 2955 ineu.

82 2965 140 3025 riae
164 2976 194 3027 et
223 2966 447 3050 occupationis
476 2975 600 3028 nostrae
626 2966 866 3026 diuturnitatem
894 2967 973 3029 adeo
1006 2994 1174 3036 concreve-

84 3048 157 3126 rint,
176 3060 213 3111 ut
235 3059 293 3110 aut
317 3049 373 3111 vix
393 3057 447 3108 aut
469 3057 555 3108 certe
584 3067 787 3128 nequaquam
807 3047 877 3110 sine
898 3055 1174 3130 magnaauthori-

83 3137 138 3190 tate
158 3141 212 3194 aut
227 3132 341 3213 rigore
364 3130 481 3212 corrigi
500 3131 637 3192 valeant.
680 3132 883 3211 Quapropter
907 3139 943 3190 ut
964 3131 1047 3194 dicta
1067 3137 1174 3201 Cano·

85 3231 153 3272 uum
174 3217 361 3296 praecipere
381 3213 482 3289 nosti,
505 3221 540 3271 ut
564 3231 628 3271 non
652 3211 753 3272 dicam
776 3212 863 3294 quod
888 3213 927 3273 ad
953 3217 1060 3277 omnia
1084 3241 1173 3284 meus

83 3315 196 3376 semper
216 3295 329 3366 fuisti,
351 3294 456 3377 pridie
484 3293 590 3354 Nonas
616 3290 755 3374 Aprilis,
778 3295 817 3354 ud
842 3295 954 3356 urbem
975 3296 1175 3381 Mogontiam

85 3380 184 3440 venire
202 3400 244 3439 ne
262 3376 508 3461 praetermittas,
529 3375 572 3435 ita
584 3383 734 3455 paratus,
756 3385 793 3436 ut
811 3378 1084 3462 quandiucunque
1098 3407 1177 3446 cau·

86 3479 180 3519 sarum
200 3459 373 3521 necessitas
402 3457 562 3541 exposcit,
585 3457 630 3516 ibi
650 3474 777 3519 manere
794 3481 853 3542 pro
877 3460 1069 3524 abundantia
1088 3490 1176 3529 sum.

85 3549 187 3620 ptuum
202 3541 314 3624 possis.
353 3542 395 3602 Et
416 3539 604 3623 quicunque
627 3540 748 3621 aliquid
764 3541 916 3623 gravioris
929 3546 1067 3626 negotii,
1088 3551 1177 3632 quod

88 3643 173 3704 supra
188 3625 275 3685 vires
288 3632 365 3684 tuas
384 3623 564 3698 existimas,
586 3629 618 3682 et
636 3643 724 3684 nunc
743 3634 775 3684 ct
790 3625 1035 3688 Antecessorum
1046 3640 1177 3693 tuorum

88 3706 274 3786 temporibus
296 3704 495 3782 habueruut,
516 3713 571 3764 aut
594 3711 700 3764 tecum
724 3707 843 3788 pariter
864 3710 995 3785 venire,
1018 3723 1073 3773 ant
1092 3736 1178 3776 seor·

88 3806 148 3848 sum
162 3787 221 3848 tibi
243 3807 412 3850 occurrere
431 3786 464 3845 in
486 3787 559 3847 loco
580 3796 752 3848 memorato
769 3790 935 3873 praecipe,
957 3801 993 3851 ut
1012 3794 1056 3854 ibi
1074 3797 1177 3870 omnis

85 3886 189 3930 eorum
206 3869 424 3932 controversia
440 3867 578 3929 finiatur.
619 3870 710 3931 Vale.

160 3951 263 4015 XXV.
285 3952 424 4014 Domino
445 3960 477 4013 et
501 3948 534 4009 in
561 3949 686 4011 Christo
706 3951 803 4013 Patri.
851 3951 907 4014 llli
928 3953 1177 4044 Archiepiscopo

90 4025 123 4091 Ν.
140 4032 468 4119 indignus-Ecclesiae
487 4032 525 4093 N.
545 4033 719 4094 excubitor.
761 4034 901 4095 Sanitate
920 4036 1103 4102 dulcedinis
1120 4063 1177 4104 ve-

90 4121 165 4178 strae
189 4125 375 4201 comperta,
404 4114 493 4178 omni
512 4114 628 4198 gaudio
653 4115 796 4198 repletus
817 4137 895 4180 sum.
936 4117 986 4180 Ad
1009 4134 1177 4207 praecepta

87 4206 181 4264 *utra
201 4221 267 4266 uon
287 4199 391 4265 solam
410 4219 449 4265 ea
467 4197 585 4284 quibus
599 4217 657 4284 pro
682 4195 871 4262 authoritate
891 4198 1054 4284 regiminis
1077 4210 1174 4271 vestri
