2734 4990
511 257 771 331 crnnenniiocn
834 247 839 258 ’
1134 259 1205 335 447

337 457 341 476 .
409 435 420 448 ”
499 418 649 481 Venditio
675 418 715 478 de
738 418 821 485 villa.

190 525 381 597 CXXVIII.
418 522 672 588 Dominovfratri
695 523 768 600 illi,
797 545 857 606 ego
886 523 953 590 iIIe.
995 524 1087 584 Licet
1113 527 1211 606 empti

99 614 299 695 venditique
324 618 507 673 contractus
532 607 600 670 sola
624 607 720 690 pretii
749 607 1013 667 adnumeratione
1036 617 1069 668 et
1090 609 1139 668 rei
1167 611 1214 694 ip-

99 699 170 760 sius
192 695 363 758 traditione
385 692 539 754 consistat
562 701 623 752 etc·
664 704 697 751 nt
717 711 813 774 supro
831 711 903 774 pag.
922 689 994 751 528.

349 806 501 871 Venditio
524 805 563 866 de
588 826 662 866 area
684 804 771 887 infra
792 805 961 870 civitatem.

186 911 336 990 CXXIX.
378 921 519 984 Domino
540 930 650 982 sancto
673 929 705 980 et
725 919 898 1003 apostolico
916 919 1056 981 Domino
1078 929 1110 982 et
1128 923 1209 1002 patri

26 1029 30 1036 ·
103 1010 151 1072 illi
173 1009 346 1091 Episcopo.
385 1008 520 1067 Constat
540 1025 591 1064 me
613 1003 735 1064 nullius
758 1011 906 1064 coactum
926 1001 1081 1086 imperio,
1104 1025 1211 1088 neque

102 1091 289 1176 imaginario
312 1089 384 1151 iare
405 1099 464 1154 eto.
487 1101 639 1170 utsupra
663 1107 734 1170 pag.
759 1087 829 1149 528.

481 1201 631 1265 Venditio
654 1201 695 1262 de
716 1215 811 1268 terra.

182 1322 313 1388 CXXX.
353 1320 494 1383 Domino
516 1317 696 1402 lmagniiico
727 1319 819 1380 fratri
843 1317 893 1380 ilii
919 1319 1073 1403 emptori,
1095 1341 1154 1402 ego
1177 1319 1211 1385 in

97 1407 162 1472 Dei
184 1407 318 1468 nomine
340 1405 397 1466 ilie
418 1402 578 1468 venditor.
621 1401 753 1466 Constat
772 1424 823 1464 me
846 1425 911 1464 non
927 1403 1115 1485 imaginario
1129 1405 1212 1483 iure,

100 1513 163 1553 neo
193 1489 296 1552 ullius
321 1497 467 1549 coactum
490 1485 637 1567 imperio,
659 1487 716 1547 sed
736 1485 884 1566 propriae
913 1484 1090 1548 voluntatis
1120 1510 1212 1551 meae

99 1574 236 1637 arbitrio
258 1570 320 1632 tibi
347 1570 488 1631 vendere
510 1579 570 1632 etc.
591 1581 625 1628 nt
654 1589 751 1650 snpra
771 1589 844 1652 pag.
868 1569 942 1644 401.

215 1685 251 1750 V
246 1685 366 1747 enclitio
393 1683 479 1766 infra
509 1686 736 1746 emmunitatem
761 1685 921 1746 Ecclesiae
944 1685 998 1746 vel
1012 1683 1103 1770 fisci.
1136 1703 1140 1714 '

191 1802 333 1866 CXXXI.
375 1799 547 1883 Magnifico
569 1799 657 1860 fratri
683 1801 751 1880 ilii,
785 1822 843 1882 ego
872 1801 964 1867 illes
1000 1804 1132 1864 Constat
1161 1824 1212 1866 me

104 1884 165 1949 tibi
188 1884 379 1959 vendidisse,
401 1893 434 1946 et
463 1884 507 1944 ita
531 1883 674 1959 vendidi,
695 1883 779 1946 infra
806 1885 979 1944 terminum
998 1896 1102 1948 terrae
1118 1887 1214 1946 Sane·

102 1969 130 2030 ti
159 1968 248 2028 iliius
272 1968 305 2026 in
328 1966 398 2028 Ioco
422 1976 609 2049 nuncupato
633 1967 709 2044 iilo,
731 1989 879 2049 campum
901 1969 953 2027 vel
977 1967 1106 2030 vineam
1133 1969 1212 2028 iuris

101 2051 167 2112 mei
190 2050 361 2110 habentem
389 2049 561 2132 aripennes
588 2059 710 2126 tantos,
742 2059 854 2130 estque
883 2050 923 2110 de
951 2073 1018 2112 uno
1053 2051 1152 2112 I‘atere
1182 2058 1215 2111 et

102 2137 213 2194 fronte
232 2143 317 2192 terra
338 2130 437 2208 illius,
460 2132 499 2192 de
522 2133 587 2192 aiio
609 2133 807 2212 veroplatere
827 2143 859 2194 et
876 2133 982 2194 fronte
1004 2143 1088 2192 terra
1111 2133 1208 2200 iliius.

103 2217 199 2277 Unde
212 2213 321 2298 accepi
343 2215 405 2275 itte
426 2215 566 2296 pretinm
582 2215 671 2294 quod
687 2215 765 2276 mihi
779 2215 861 2276 hene
881 2216 1082 2290 complacuit,
1100 2217 1213 2278 valen-

102 2309 151 2360 tes
171 2297 291 2368 solidos
318 2306 438 2370 tantos;
469 2298 511 2357 ita
535 2294 634 2363 nt'ab
656 2297 814 2358 hodierno
841 2299 893 2360 die
914 2299 1068 2381 quicquid
1095 2300 1135 2360 de
1157 2321 1213 2360 su-

103 2381 249 2463 pradicta
275 2403 311 2442 re
333 2381 438 2440 facere
465 2380 617 2457 volueris,
640 2379 773 2444 liberam
795 2379 911 2443 habeas
930 2391 1128 2464 potestatem,
1154 2383 1216 2442 sal·

103 2485 146 2525 vo
167 2465 239 2524 iure
262 2461 361 2547 ipsius
381 2463 499 2528 Sancti.
520 2466 562 2525 Et
584 2465 611 2524 si
636 2464 737 2527 fuerit
753 2472 808 2523 aut
829 2485 888 2548 ego
909 2464 986 2548 ipse.
1007 2466 1052 2528 Εἰ
1075 2464 1213 2547 reliqua.

479 2591 628 2655 Venditio
653 2593 816 2660 deservo.

189 2707 351 2770 CXXXII.
391 2708 532 2770 Domino
555 2709 725 2791 magnifico
740 2710 832 2770 fratri
854 2711 903 2771 ilii
926 2695 1074 2793 emptori,
1095 2709 1210 2796 again

107 2789 171 2852 Dei
198 2790 329 2851 nomine
351 2792 409 2852 ilie
436 2791 593 2858 venditor,
635 2793 768 2853 Constat
787 2815 837 2854 me
862 2815 927 2854 non
951 2794 1140 2874 imaginario
1160 2795 1214 2856 iu-

111 2893 160 2949 re,
181 2893 242 2934 nec
266 2875 334 2933 ullo
355 2873 499 2955 cogentis
525 2873 728 2956 imperioetc.
750 2889 784 2936 nt
806 2897 902 2957 snpra
920 2898 991 2956 pag.
1017 2877 1090 2951 40¹·

336 2987 409 3047 Alin
427 2986 568 3048 venditio
597 2987 637 3047 de
663 3009 756 3048 servo
783 3001 837 3048 ant
863 2991 988 3052 ancill.

198 3101 373 3168 CXXXIII.
411 3106 539 3164 Damno*
558 3104 649 3164 fratri
670 3103 732 3181 illi,
754 3124 813 3184 ego
829 3103 897 3167 ille.
939 3104 1069 3164 Constat
1089 3089 1139 3166 nie
1160 3128 1216 3166 vo·

111 3184 161 3246 bis
181 3184 374 3263 vendidisse,
396 3194 426 3245 et
448 3187 489 3245 ita
516 3187 666 3262 vendidi,
695 3207 824 3246 servum
850 3185 928 3246 iuris
949 3185 1011 3245 mei
1039 3197 1094 3246 aut
1116 3189 1215 3248 cincii·

110 3269 176 3328 lam
200 3289 287 3332 nom.
311 3268 347 3327 iil
379 3290 443 3328 non
466 3269 591 3346 furem,
626 3291 690 3328 non
714 3268 905 3350 fugitivum,
933 3289 1039 3352 neque
1068 3271 1216 3332 cadivum

111 3361 172 3416 etc.
194 3362 343 3434 utsupra
365 3373 437 3433 pag.
460 3352 531 3432 529.
637 3378 645 3383 “

237 3465 381 3547 Qualiter
405 3467 496 3526 bomo
522 3466 671 3553 ingenuus
693 3466 894 3548 ‘semetipsum
913 3465 1090 3532 venumdet.
1135 3511 1140 3530 .

103 3583 109 3588 ·
196 3573 370 3653 cxxxiv,
410 3577 550 3640 nomino
572 3599 697 3660 semper
718 3600 789 3640 meo
813 3580 874 3656 nn,
896 3602 955 3662 ego
982 3565 1048 3640 ina.
1090 3581 1219 3643 Paean

113 3659 196 3721 mihi
219 3671 254 3719 ut
281 3670 398 3721 statum
427 3661 635 3743 ingenuitatis
665 3663 809 3739 meaein
837 3671 978 3724 vestrum
1009 3663 1217 3728 obnoxiarem

95 3743 292 3832 ,servitium
333 3743 431 3820 Quod
456 3744 499 3802 ita
526 3753 557 3804 et
577 3743 653 3825 ieci,
674 3755 733 3806 etc.
756 3759 902 3830 utsupra
923 3767 994 3830 pag.
1019 3748 1090 3830 579.

326 3859 390 3940 Qui
412 3861 446 3918 in
459 3853 627 3919 ¹servitium
649 3861 777 3922 alterins
795 3883 826 3922 se
848 3863 1010 3922 obnoxiat.

200 3970 359 4033 CXXXV.
399 3971 540 4034 Domino
561 3972 640 4033 mihi
663 3975 794 4056 proprio
813 3975 875 4050 illi,
897 3975 965 4039 iile.
1015 3978 1101 4037 Dum
1122 3976 1217 4040 insti-

117 4062 212 4137 gante
233 4053 433 4133 adversario,
458 4053 719 4138 fragilitatemea
739 4055 956 4138 praevalente,
977 4057 1010 4116 in
1035 4079 1124 4121 casus
1144 4081 1218 4141 gra-

117 4157 171 4198 ves
192 4135 307 4212 cecidi,
324 4137 410 4198 unde
438 4139 550 4200 mortis
568 4138 751 4222 periculum
772 4138 938 4198 incar-rere
958 4150 1110 4220 poteram.
1151 4145 1218 4208 Sed

117 4217 197 4279 clam
222 4227 327 4281 vestra
352 4219 471 4302 pietate
492 4242 542 4284 me
565 4231 625 4288 etc.
668 4234 816 4305 utsupra
836 4241 913 4305 pag.
931 4223 1000 4288 331.
