2734 4990
538 257 761 311 eiinuzmnae
1134 239 1207 313 ⁴67

97 403 206 464 lic‘eor
234 401 306 461 data
333 397 493 462 edictione
510 396 560 457 'de
591 395 855 492 inscriptionibus
876 397 1121 460 seruatoribus
1152 419 1207 462 re·

98 493 254 546 crescant
272 481 493 541 Theodosiano
514 500 601 539 nono
630 481 663 538 iu
692 500 738 538 rra
760 479 862 561 prima
883 489 947 538 tarn
975 477 1073 542 civile
1098 501 1207 564 neque

99 566 305 628 criminalem
323 565 404 622 actio
425 560 581 644 professio
601 582 698 619 manu
714 570 897 621 accusatore
919 561 1043 622 conseri
1069 572 1100 622 ta
1118 583 1208 646 prae·

102 651 208 724 dicat,
231 646 293 706 nisi
317 645 351 705 in
374 666 407 706 se
434 643 628 728 repetitione
650 643 811 704 celebrata
834 643 927 726 prius
952 666 972 702 a
996 585 1109 708 Iudice
1138 665 1205 707 non

103 732 263 795 audiatur.

382 839 563 904 Indiculum
581 839 725 919 gencrale
745 839 790 900 ad
808 862 923 908 omnes.

187 971 291 1036 XVII.
332 973 474 1034 Domino
505 971 675 1053 magnifico
701 970 923 1055 snpientiaqne
955 972 1141 1037 decoratum
1175 987 1209 1040 et

106 1059 190 1120 dono
210 1057 271 1118 Dei
293 1057 395 1137 regali
419 1053 517 1136 gratia
540 1053 709 1114 sublimato
731 1054 790 1114 illo
809 1054 865 1115 ille
888 1056 1020 1136 ultimus
1041 1079 1209 1122 servorum

103 1140 164 1202 Dei
186 1161 296 1200 servus
319 1160 355 1198 ac
377 1137 403 1198 si
426 1137 499 1197 vilis
523 1135 579 1196 ille
603 1136 732 1196 iniimus
757 1145 885 1198 vocatus
909 1138 1104 1223 Episcopus,
1125 1144 1209 1204 salu·

101 1235 168 1284 tem
190 1221 280 1284 vobis
300 1219 522 1280 multimodam
542 1237 606 1278 nna
625 1239 699 1277 cum
719 1219 898 1280 confratres
922 1230 1047 1283 nostros
1067 1232 1208 1286 oratores

100 1315 244 1379 vestros,
277 1303 334 1385 qui
366 1303 406 1362 ad
437 1301 550 1361 limina
582 1301 773 1360 Sanctorum
802 1300 934 1360 illorum
964 1303 1017 1365 die
1045 1315 1208 1388 noctuque

100 1407 162 1472 pro
195 1385 287 1447 vobis
318 1383 536 1445 obsecundare
569 1391 771 1458 noscuntur,
798 1382 939 1465 dirigere
970 1388 1209 1465 praesumimus.

100 1473 152 1531 De
169 1477 333 1529 caeterum
350 1474 521 1546 cognuscat
546 1462 703 1524 industria
725 1473 831 1526 vestra
856 1485 1025 1546 precamur
1047 1478 1143 1550 alque
1159 1491 1211 1532 su·

100 1552 263 1634 plicamus
279 1549 370 1612 vobis
392 1549 431 1607 de
451 1547 510 1606 ista
526 1567 617 1606 cansa
633 1546 719 1608 unde
740 1545 797 1606 iste
818 1568 969 1627 praesens
981 1549 1121 1612 servieus
1142 1571 1211 1614 ves·

104 1643 158 1694 ter
184 1635 301 1694 Missus
324 1639 432 1689 noster
455 1629 650 1706 innotuerit,
674 1627 705 1689 ei
720 1627 753 1686 in
772 1647 865 1688 suurn
885 1629 1038 1710 placitum
1058 1641 1126 1694 etse
1143 1633 1211 1715 dig·

107 1715 205 1792 netis,
228 1722 299 1794 agat
320 1711 440 1771 almitas
460 1718 563 1770 vestra
581 1710 624 1770 ita
645 1720 681 1771 ut
697 1710 898 1772 consuetudo
919 1719 1024 1773 vestra
1040 1712 1125 1775 bona
1143 1723 1213 1776 erat

109 1819 186 1881 erga
206 1804 265 1858 no's
288 1796 478 1875 frequenter
501 1802 627 1875 operata
647 1803 703 1854 est.

552 1928 633 1984 Item
656 1924 728 1986 alio.

189 2037 313 2104 XVIII.
337 2036 476 2098 Domino
489 2037 728 2132 Procerumque
746 2038 904 2100 illustrem
926 2039 1088 2120 Optimate
1103 2042 1149 2104 ill.
1163 2063 1213 2106 re·

105 2121 178 2206 gale
198 2121 299 2204 gratia
314 2119 519 2181 sublimatum
532 2120 592 2178 etsi
610 2120 699 2178 nobo
714 2141 787 2180 cum
807 2143 919 2202 magna
938 2126 1145 2187 veneratione
1164 2136 1212 2186 at·

108 2225 175 2287 que
192 2203 377 2264 reverentia
396 2201 627 2262 nominandum
641 2202 675 2260 in
690 2202 750 2268 Dei
766 2223 882 2262 nomen
903 2203 949 2262 ill.
963 2205 1094 2268 ultimus
1109 2229 1214 2270 servo-

105 2309 180 2347 rum
195 2285 257 2346 Dei
277 2306 386 2346 servus
406 2284 538 2344 salutem
555 2283 646 2344 vohis
660 2283 693 2344 in
707 2284 845 2345 Domino
863 2293 927 2345 tam
942 2289 1130 2350 multimoda
1144 2291 1214 2352 des-

104 2371 212 2428 tinare
226 2367 457 2450 praesumimus
472 2386 535 2424 nna
549 2364 718 2425 cumomni
732 2368 979 2448 congregatione
994 2372 1128 2435 fratrum
1140 2393 1212 2434 nos·

104 2462 232 2512 trorum
254 2471 350 2530 quam
376 2469 491 2507 arcana
519 2447 623 2507 cordis
650 2448 750 2508 nostri
767 2448 914 2510 coutinet
931 2447 1107 2532 plenitudo.
1148 2456 1214 2519 ble-

106 2554 231 2594 morare
250 2531 432 2612 dignemini
452 2528 592 2610 qualiter
609 2551 665 2590 vos
683 2530 851 2598 nobiscum
868 2541 940 2592 ante
963 2534 1020 2596 bos
1040 2536 1110 2596 dies
1133 2557 1214 2596 cou-

106 2615 249 2676 fabolare
267 2612 420 2694 dignastis
442 2612 518 2672 etin
534 2611 677 2671 oratione
693 2615 838 2692 quamvis
852 2615 1043 2697 uosindigni
1056 2637 1214 2678 commen·

109 2697 185 2758 dare
203 2695 365 2777 dignastis.
407 2697 580 2756 Precamur
592 2703 685 2775 atque
705 2695 898 2774 suplicamus
919 2698 1090 2760 clementia
1110 2708 1215 2761 vestra

111 2789 149 2838 ut
162 2779 201 2836 ad
213 2777 436 2838 necessitatem
452 2778 585 2835 fratrum
601 2785 781 2836 nostrorum
794 2789 934 2839 oratores
954 2790 1076 2842 vestros
1091 2780 1215 2862 aliquid

109 2860 156 2920 ,de
169 2861 370 2940 eleemosyna
393 2868 494 2918 vestra
517 2858 682 2918 consolare
703 2857 850 2935 lubeatis,
864 2867 896 2919 et
917 2860 1074 2941 quicquid
1098 2862 1215 2922 exinde

116 2949 222 3001 vestra
244 2939 413 2998 clementia
434 2961 506 3021 erga
536 2961 592 3000 nos
614 2940 754 3019 disponit
776 2961 882 3022 agere,
903 2961 963 3020 per
986 2951 1092 3002 vestro
1122 2964 1217 3003 vene·

115 3021 218 3084 rabilc
242 3020 360 3102 scripto
388 3022 477 3082 nobis
502 3021 639 3104 dignetis
660 3023 768 3082 facere
791 3021 964 3092 certiores;
994 3029 1027 3081 et
1052 3024 1218 3084 undecun-

115 3125 181 3185 que
213 3103 304 3164 nobis
332 3103 497 3185 iniungitis
518 3113 572 3164 aut
598 3103 782 3165 iniunctum
808 3103 930 3164 habetis
952 3101 1219 3166 de'orationibus

113 3186 170 3248 vel
195 3185 234 3245 de
256 3183 320 3246 alio
349 3186 502 3263 servitio,
530 3185 631 3267 parati
661 3207 769 3246 sumus
791 3183 905 3254 restris
928 3183 1070 3266 partibus
1097 3195 1220 3266 vestro-

111 3289 253 3350 rumque
276 3267 420 3328 omninm
444 3267 650 3330 servientium
679 3267 782 3329 tidelis
812 3267 982 3332 reservire.

500 3417 503 3432 ¹
582 3397 661 3454 Item
684 3390 758 3453 alio.

196 3506 288 3575 XIX.
329 3508 538 3584 sanctissimo,
561 3527 597 3566 ac
628 3505 745 3566 sanctis
774 3509 965 3570 ceremoniis
1002 3509 1223 3575 observantem

114 3611 221 3672 aeque
244 3591 333 3651 fonte
358 3591 529 3673 spirantiae
556 3598 803 3668 exsuperantem
823 3593 950 3652 Domno
974 3593 1069 3655 Patre
1088 3604 1122 3656 et
1142 3597 1224 3656 mul·

113 3684 223 3734 torum
251 3695 380 3756 gregem
406 3669 591 3752 Christique
626 3671 697 3730 vice
732 3682 845 3752 agente
876 3674 934 3736 ille
957 3675 1114 3737 Pontifice
1144 3680 1223 3739 ulti·

112 3777 189 3816 mus
215 3758 357 3815 omnium
384 3774 614 3834 servorumque
638 3752 699 3812 Dei
719 3773 828 3816 servus
846 3755 913 3815 ille.
952 3754 1225 3821 adclamantium

112 3835 246 3922 pietatis
275 3847 397 3898 vestrae
426 3836 482 3896 has
511 3835 615 3917 apices
645 3834 807 3896 destinare
832 3840 1126 3918 praesumpsimus,
1157 3862 1223 3901 nou

115 3918 221 3980 nostri
246 3919 321 3979 freti
344 3919 509 3999 obsequio,
540 3917 596 3977 sed
615 3925 719 3978 vestra
741 3919 960 3998 magnitudine
987 3921 1138 3980 culminis
1156 3924 1226 4002 pie-

113 4009 193 4062 tate.
234 3999 379 4084 Ideoque
409 4001 499 4080 quasi
524 3999 565 4058 ad
592 4019 742 4079 praesens
772 4019 876 4078 genua
898 4007 1003 4058 vestra
1034 4002 1226 4062 deosculan-

114 4093 179 4158 tes,
200 4083 459 4164 suggestiuncule
481 4090 586 4142 nostra
599 4078 690 4151 volsis
713 4079 948 4160 propterquod
971 4081 1130 4163 mancipia
1148 4085 1225 4144 bea-

115 4165 143 4225 ti
169 4166 295 4246 patroni
320 4165 417 4228 vestri
439 4165 479 4225 de
503 4161 697 4224 Monusterio
727 4171 836 4222 nostro
861 4165 937 4244 fuga
960 4161 1047 4245 lapsa
1065 4161 1098 4224 iu
1122 4176 1225 4228 restro
