2676 4976
515 281 713 338 instructu
1088 273 1160 348 545

65 420 199 489 sanitatis
226 430 348 486 vestrae
378 419 593 494 laetificabor;
632 432 665 485 et
695 444 752 486 ros
782 423 822 486 de
859 447 951 506 mea,
986 438 1022 492 nt
1054 431 1161 496 credo.

63 512 97 570 ln
118 514 255 570 vestram
274 505 415 566 iucunda
434 513 468 566 et
489 505 652 586 pigmenta
673 529 711 568 ac
731 507 976 590 medicamenta,
997 535 1081 596 quae
1102 537 1163 578 vo·

63 591 107 652 bis
125 609 266 670 congrua
286 597 383 670 puto,
404 597 529 649 restrae
551 587 721 650 dilectioni
748 590 889 672 dirigere
916 595 1045 656 curabo.
1087 600 1163 658 blu-

64 670 197 748 nuscula,
219 691 303 750 qnae
330 670 426 731 modo
447 667 579 731 suerunt
598 672 637 732 ad
657 693 781 750 manus,
802 683 927 736 vestrae
943 675 1092 759 dignitati
1114 680 1162 740 di·
1205 695 1209 704 '

64 754 204 830 reximus,
225 751 290 815 hoc
319 761 368 814 est
386 753 556 835 palliolum
577 753 818 834 diacedriuum,
841 766 874 818 et
900 758 991 820 aliud
1012 761 1163 824 coccine-

64 858 122 912 um,
141 834 271 896 tertium
290 834 450 916 saphirini
475 835 612 914 coloris,
639 837 793 919 stragulae
816 837 912 914 duas,
948 842 1030 904 duos
1056 863 1163 908 ramos

65 919 227 1006 palmarum
246 917 383 995 virides,
397 927 429 980 et
450 927 574 1000 partem
594 918 834 1001 amigdalarum,
850 921 887 982 et'
902 922 1082 986 Thimiama
1102 947 1163 988 no-

67 1023 143 1067 vum.
192 1001 292 1078 Quod
317 999 345 1062 si
368 997 588 1083 opportunum
614 1001 705 1065 vobis
727 1009 795 1080 est,
823 1002 977 1085 obsecro,
1005 1016 1041 1068 ut
1061 1029 1164 1070 nuum

68 1081 280 1149 Admiasarium
303 1082 607 1166 generosissimam,
637 1083 803 1146 celeritate
824 1096 857 1148 et
877 1088 1002 1168 forma,
1032 1090 1166 1172 quinat

71 1167 161 1230 animo
173 1164 486 1248 praestantissimum
507 1176 539 1228 et
560 1167 721 1244 alacrem,
744 1165 825 1227 mibi
845 1167 936 1230 fideli
952 1181 1064 1234 ‚veruo
1086 1172 1165 1235 diri·

68 1247 143 1334 gatis.
180 1247 287 1309 Simul
310 1249 531 1330 quodcunque
552 1249 720 1313 volueritis
750 1249 930 1332 grandioris
957 1255 1055 1335 pretii
1083 1253 1164 1316 mibi

67 1333 271 1414 iungentes,
295 1340 447 1414 utputo,
469 1331 510 1392 ad
529 1342 665 1394 vestram
685 1332 885 1394 voluntatem
913 1336 1122 1416 paratissimo.

134 1412 276 1477 XXVII.
319 1412 503 1475 Nobilitatis
529 1424 561 1476 ct
589 1413 758 1496 religionis
785 1415 965 1499 summique
986 1418 1165 1482 Sacerdotii

65 1495 203 1580 dignitate
231 1496 408 1558 sublimato
427 1496 466 1556 N.
488 1495 539 1556 illi
558 1496 722 1558 Ecclesiae
742 1497 895 1560 Pontifici
922 1499 961 1564 N.
982 1500 1072 1564 illius
1099 1503 1166 1565 Ec-

64 1579 166 1641 clesiae
191 1577 356 1662 indignus
385 1577 574 1674 Episcopus.
646 1578 818 1661 Comperta
853 1579 988 1644 sanitate
1019 1584 1165 1647 dulcedi-

64 1661 106 1723 nis
125 1671 248 1723 vestrae
271 1662 412 1730 maltum
434 1681 468 1720 ιιι
489 1661 629 1722 Domino
651 1661 777 1744 gavisus
797 1683 879 1741 sum,
911 1664 969 1725 sed
989 1674 1020 1726 et
1041 1667 1165 1749 gaudeo
1268 1711 1271 1717 ·

64 1754 92 1808 et
117 1744 271 1826 gaudebo.
321 1746 371 1806 De
404 1744 646 1826 perturbatione
672 1765 750 1806 vero
781 1743 904 1807 ltaliae¹
929 1753 1001 1808 tum
1033 1758 1167 1831 propter

63 1837 189 1892 vestram
215 1837 250 1890 et
271 1826 491 1890 Ecclesiarum
518 1827 639 1888 Christi
669 1826 932 1908 inquietudinem
961 1840 993 1891 et
1018 1831 1179 1893 vastatis

65 1931 140 1988 nem,
161 1920 232 1971 tum
258 1910 356 1972 etiam
377 1918 510 1991 propter
532 1920 639 1971 nostra
660 1909 854 1970 detrimenta
869 1910 1006 1974 nimium
1028 1912 1166 1978 contris-

64 2001 176 2053 tamur:
206 1992 286 2074 quia
321 1991 524 2074 pauperrima
555 2003 588 2053 et
620 1991 708 2053 arida
735 1992 911 2054 Provincia
942 2005 1051 2057 nostra
1086 1994 1167 2078 quid

66 2075 189 2156 amplius
207 2075 360 2136 habitura
380 2082 426 2134 est
447 2085 547 2136 matre
570 2074 754 2136 divitiarum
774 2096 904 2136 suarum
925 2077 1060 2161 direpta.
1101 2077 1168 2160 Sed

65 2157 119 2218 Dei
139 2156 362 2220 misericordia
385 2158 575 2219 confidimns
598 2157 682 2217 hanc
709 2166 771 2217 tem
798 2166 930 2220 estatem
951 2160 984 2220 in
1007 2159 1100 2222 brevi
1120 2180 1168 2222 se·

65 2241 254 2314 renandam;
289 2261 362 2301 nam
385 2239 468 2302 sicut
492 2239 706 2300 demandastis
727 2179 805 2298 mili
814 2285 825 2318 ,
858 2249 894 2300 ut
923 2241 964 2304 de
990 2241 1095 2326 Regni
1114 2263 1168 2325 pa·

67 2342 113 2399 oe,
135 2332 166 2384 et
187 2335 275 2386 statu
297 2321 388 2385 vobis
408 2323 488 2385 certi
509 2322 633 2404 aliquid
650 2321 863 2404 significarem
890 2331 924 2384 et
951 2326 1083 2406 qualem
1107 2346 1168 2407 pa-

66 2425 128 2466 oem
146 2406 185 2466 ad
205 2407 351 2472 invicem
376 2415 607 2468 conservarent
630 2413 694 2465 tres
715 2403 829 2467 fratres
848 2404 908 2465 tilii
933 2409 1035 2471 nostri
1058 2405 1168 2468 Domi·

68 2487 97 2545 ni
121 2489 315 2567 Hlndovici,
343 2497 375 2550 et
402 2497 511 2550 utrum
543 2497 694 2566 nepotem
728 2495 760 2548 et
791 2487 1036 2570 consobrinum,
1069 2489 1167 2550 immo

68 2573 310 2652 compatruelem
333 2591 427 2632 suum
453 2570 557 2631 filium
580 2572 621 2631 K.
648 2569 683 2629 in
710 2569 895 2630 societatem
917 2593 1006 2633 suam
1034 2571 1167 2634 ascivis-

68 2655 147 2715 sent?
185 2656 308 2718 Notum
333 2654 418 2715 facio
446 2651 614 2716 dilectioni
639 2660 773 2731 vestrae,
795 2653 870 2735 qaia
889 2664 953 2716 tres
973 2655 1025 2715 illi
1042 2655 1168 2731 fratres,

70 2733 107 2794 ita
131 2757 162 2800 se
183 2747 297 2799 mutua
322 2734 475 2798 charitate
504 2735 782 2814 complectuntur,
807 2744 844 2794 at
875 2758 1030 2798 summam
1055 2737 1168 2799 Triui-

70 2823 159 2879 tatem
176 2820 318 2881 mediam
339 2818 522 2879 interillos
545 2816 697 2880 diversari
722 2817 897 2879 credamus.
932 2819 1023 2880 Adeo
1048 2818 1166 2894 omnia,

72 2917 144 2979 qnae
167 2903 207 2964 ad
228 2902 303 2964 illos
326 2921 384 2962 seu
403 2900 549 2983 privato,
580 2919 637 2960 sea
660 2896 791 2980 publice
815 2900 978 2980 pertinere
1002 2900 1167 2976 videntur,

71 2977 215 3046 humanas
235 3005 286 3046 res
311 2991 343 3044 et
369 2991 445 3044 rota
473 2979 781 3064 supergrediuntur:
811 2988 844 3039 et
869 2982 1096 3063 unusquisque.
1115 3001 1168 3041 eo-

72 3083 151 3144 rnm,
171 3067 197 3128 si
218 3074 339 3152 postest
360 3066 449 3141 fieri,
478 3065 551 3148 plus
572 3062 651 3122 alios
671 3081 768 3143 quam
789 3079 823 3120 se
850 3060 955 3143 ipsum
982 3063 1104 3142 diligit,
1137 3069 1171 3122 et

73 3144 220 3228 diligeret.
260 3149 305 3210 Et
333 3149 477 3208 Domnus
502 3145 635 3227 quidem
659 3145 699 3206 K.
721 3161 795 3202 cum
818 3143 916 3204 fratre
938 3145 990 3204 Hl.
1011 3144 1170 3205 Hludori·

73 3227 98 3286 ci
116 3229 260 3308 iunioris,
283 3230 384 3291 idest
410 3228 548 3289 Galliam
568 3226 817 3308 Lugdunensem
839 3235 871 3285 et
896 3225 1062 3288 Treverim
1095 3239 1171 3286 cum

72 3312 150 3372 omni
170 3313 349 3374 Mosellana
369 3310 520 3392 regione,
547 3330 608 3370 nec
635 3329 700 3369 non
730 3306 1002 3390 Agrippinensem
1028 3309 1170 3369 Provin-

73 3392 165 3472 ciam,
210 3396 243 3456 et
269 3393 533 3476 Burgundionum
566 3391 653 3452 inter
678 3412 712 3451 se
744 3391 936 3453 dividendas
965 3399 1170 3472 acceperunt.

73 3471 187 3536 ltaliam
207 3497 286 3540 vero
308 3485 341 3536 et
361 3475 510 3536 Tusciam
533 3483 566 3534 et
591 3494 717 3533 omnem
744 3473 949 3556 Campaniam
970 3475 1099 3534 Domno
1130 3474 1170 3534 K.

72 3559 215 3639 regendas
241 3557 493 3635 commiserunt,
534 3555 591 3638 qni
620 3556 716 3616 etiam
744 3557 839 3617 modo
876 3558 1011 3618 sanitate
1044 3555 1172 3616 indulta

75 3647 103 3698 et
120 3639 247 3722 indepta
269 3639 470 3722 qnandocius
492 3661 549 3701 vos
569 3637 774 3720 pergratiam
789 3639 850 3698 Dei
870 3639 1020 3716 visitabit,
1043 3648 1076 3700 et
1102 3659 1171 3698 om-

75 3740 140 3782 nem
166 3723 384 3786 adversarinm
404 3731 437 3784 et
456 3721 652 3804 praedonem
681 3721 721 3780 de
741 3731 854 3784 ,vestra
877 3721 1052 3784 Provincia
1077 3722 1171 3802 fuga-

74 3800 122 3868 bit.
158 3805 342 3868 lneffabites
366 3813 490 3867 vestrae
508 3802 691 3864 liberalitati
718 3803 832 3884 gratias
853 3805 893 3865 de
914 3804 1037 3885 maguis
1056 3802 1172 3883 euqui-
1202 3879 1203 3883 Ἰ

76 3883 133 3946 sitis
158 3888 364 3966 muneribus,
394 3908 477 3968 quae
499 3885 579 3945 mihi
600 3885 739 3967 dirigere
763 3886 904 3950 curastis.
954 3889 1002 3945 De
1035 3885 1171 3960 cavallo,

76 3985 160 4045 quem
178 3991 229 4032 me
251 3969 492 4053 expostulastis,
521 3968 633 4030 scitote
658 3967 733 4048 quia
756 3967 1058 4049 praestantissimum
1082 3966 1172 4026 vohis

77 4047 166 4127 mitto,
186 4055 320 4116 Illorum
343 4053 382 4112 de
402 4063 493 4130 gente
514 4053 657 4128 Patrem,
678 4071 756 4132 quos
777 4045 924 4110 Daedala
947 4048 1038 4108 Circe
1060 4069 1173 4131 suppo·

77 4131 128 4190 sita
148 4133 187 4195 de
217 4148 316 4197 matre
346 4136 458 4195 nothos
480 4132 597 4214 furata
625 4133 751 4192 creavit.
793 4131 890 4206 Quod
917 4147 958 4190 ue
990 4130 1173 4192 fabulosum

78 4212 271 4298 existimetis,
301 4216 406 4281 aerius
433 4214 464 4276 ei
495 4211 585 4278 color
613 4213 741 4276 innatus
766 4212 829 4274 hoc
856 4233 968 4274 veram
994 4233 1060 4277 esse
1089 4235 1174 4276 eom·

829 4325 877 4397 35
