2684 4990
325 345 328 350 ,
395 291 881 350 CIVITATISARGENTINENSIS

84 437 134 490 ubi
160 436 236 508 porci
262 443 430 506 pascuntur,
466 443 505 488 est
530 428 603 488 inter

84 517 206 580 portam,
237 524 292 576 que
323 507 423 560 dicitur
449 507 603 560 ,velleman-

84 596 133 630 nes
160 576 305 643 burgetor,
338 586 367 630 et
392 576 472 628 aliam
496 585 602 647 portant

84 648 240 718 proximam.
624 653 626 665 '

131 867 133 874 ,
180 819 236 880 De.
254 815 504 900 iure-Episcopi.
544 801 549 812 ⁸

156 929 342 989 LXXXVIII.¹
365 931 407 984 bd
424 931 466 983 lus
477 930 479 935 ’
491 930 603 1004 EpIsco·

103 1003 265 1074 ipertinet,
293 1009 326 1054 ut
344 1001 379 1054 sle
402 1002 456 1054 bac
483 1003 603 1054 civitate

83 1021 186 1126 iiaheat
208 1071 303 1138 viginti
336 1080 454 1142 quatuor
487 1073 600 1136 legatos,

85 1153 113 1196 et
130 1144 178 1196 bos
194 1151 303 1196 tanturn
323 1141 364 1194 de*
381 1157 482 1207 genere
498 1157 603 1196 merca-¹

84 1223 181 1268 torum.
216 1214 338 1283 Quorum
357 1212 478 1265 officium
501 1221 542 1264 est
559 1213 601 1264 ln-

81 1284 120 1333 fra
146 1281 344 1352 Episcopatum
368 1289 476 1334 tantum
512 1282 601 1335 lacere

79 1353 231 1419 legationes
259 1351 384 1421 Episcopi
420 1351 454 1404 sd
478 1352 601 1406 homines

80 1440 151 1475 suos.
188 1419 243 1492 Qui
271 1423 292 1473 si
319 1421 466 1490 dampnum
492 1421 601 1476 interim

81 1489 196 1560 aliquod
214 1491 285 1560 passi
304 1489 415 1556 luerint,
435 1491 479 1544 vel
496 1489 525 1546 in
540 1511 601 1564 per·

80 1579 165 1623 sona,
184 1561 274 1615 rolin
294 1560 374 1612 rebus
393 1559 467 1624 suis,
486 1581 553 1634 quas
571 1563 600 1616 iu

80 1632 179 1684 itinere
205 1631 352 1698 duxeriut,
380 1631 527 1702 Episcopus
553 1631 601 1684 de&

81 1700 131 1755 het·
149 1700 187 1754 eis
205 1701 361 1758 restituere.

151 1842 293 1926 LXXXIX.
353 1869 463 1926 Debent
499 1872 599 1938 singuli

78 1942 190 2008 singulis
216 1942 293 1994 annis
318 1941 474 1994 huiusmodi
502 1943 601 2009 legati-

80 2030 133 2066 one
147 2020 189 2065 ter
207 2012 283 2078 iungi
302 2028 364 2064 cum
384 2013 507 2082 expensis
525 2014 602 2084 Epis-

78 2081 373 2208 iilbfiibibliff
387 2082 601 2207 ..XXXIX

78 2223 133 2279 suia
163 2221 374 2304 festivitatibus,
411 2171 522 2292 quiarildo
550 2222 601 2275 ho-

80 2294 165 2344 mines
191 2310 254 2344 suos
286 2291 462 2354 invitaverit,
498 2292 602 2346 debent

80 2361 208 2414 honestas
242 2377 332 2414 coram
359 2363 418 2435 ipso
449 2361 526 2414 sedes
553 2362 602 2414 ha-

81 2431 146 2483 bere
178 2430 213 2482 ad
238 2430 401 2512 prandium,
436 2440 469 2484 ut
500 2432 601 2485 eisdem
626 2431 633 2447 ‘

80 2499 319 2571 hominihuslsurs
353 2501 528 2556 eonociorea
562 2501 602 2556 oi·

81 2570 218 2625 ficiuntur.

148 2672 203 2725 XC.
240 2673 310 2725 Cum
336 2670 485 2744 Episcopus
513 2672 601 2727 intra·

79 2742 151 2794 verit
168 2741 331 2802 Civitatem,
360 2744 424 2813 equi
461 2742 602 2800 stabulan-

81 2811 122 2862 di·
153 2819 216 2862 sunt
245 2811 274 2860 in
305 2812 442 2865 dominico
480 2813 600 2876 stabulo,

83 2879 158 2949 qood
201 2879 299 2948 incipit
336 2879 370 2931 ab
403 2883 537 2952 Hospitsli
574 2892 602 2936 et

78 2949 205 3020 procedit
245 2950 275 2999 in
306 2949 422 3004 circuitu
456 2952 523 3004 muri
557 2971 602 3008 us·

78 3037 133 3090 que
161 3019 197 3072 ad
223 3019 376 3072 Pometiam
404 3021 538 3092 Episcopi.

148 3153 221 3208 XCI.
281 3153 309 3205 Si
349 3155 439 3226 plures
472 3155 601 3210 hahuerit

78 3241 179 3294 tquos,
223 3235 359 3277 assument
389 3243 434 3278 eos
474 3227 599 3279 Causidi-

79 3310 143 3357 cus,
172 3295 217 3346 vel
237 3295 345 3346 Iudices
371 3296 429 3356 sui,
462 3305 491 3349 et
515 3297 601 3349 Mars-

79 3365 172 3416 calcus
214 3373 242 3417 et
277 3365 457 3418 stabulabunt
489 3384 534 3418 eos
570 3368 600 3419 in

78 3433 227 3497 domibus,
297 3435 344 3486 ubi
400 3437 600 3507 peregrinorum

77 3505 166 3556 solent
193 3521 251 3556 esse
274 3503 404 3576 hospicia.
457 3507 485 3558 Si
509 3508 600 3583 plures

79 3589 162 3641 equos
185 3571 334 3640 habuerit,
363 3594 419 3629 non
441 3583 527 3646 ponet
554 3594 600 3629 eos

80 3642 114 3692 de
133 3643 190 3694 iure
208 3645 236 3695 in
262 3645 401 3716 aliquibus
426 3648 486 3698 aliis
514 3647 600 3700 domi-

79 3711 137 3763 bus¹
156 3713 299 3778 Civitatis,
332 3716 384 3768 nisi
410 3716 439 3768 id
462 3735 510 3788 per
539 3735 600 3789 pse-

83 3797 127 3834 ces
151 3781 277 3837 obtinere
293 3785 404 3856 peterit.

149 3917 236 3974 xcii.
291 3919 319 3974 Si
356 3926 448 3972 autem
481 3920 600 3994 Impera-

79 3991 140 4051 tor,
167 3990 213 4040 vel
239 3992 295 4042 Rex
320 3990 502 4055 intraverint,
535 3995 599 4066 equi

79 4057 121 4110 aui
138 4057 242 4131 ubique
265 4059 483 4132 hospitabuntur.
564 4096 581 4136 μ

150 4262 252 4322 xaur.
297 4227 408 4324 necent
435 4255 517 4324 suat
544 4268 601 4324 rra.

1124 251 1194 344 793'

679 431 724 486 die
740 429 837 482 verber
862 430 951 483 cullen
978 443 1029 496 gan
1053 430 1075 481 ir
1108 429 1195 482 welde

677 501 811 564 sochen,¹
837 499 884 550 das
908 501 944 554 ist
974 500 1122 552 awiscbent
1148 501 1197 552 der

676 581 775 642 porten
802 571 851 622 der
875 587 938 623 marr
966 569 1087 640 sprichet
1109 572 1196 622 velle·

677 659 789 694 mannes
807 640 951 704 burgetor,
972 642 1029 693 und
1047 641 1096 694 der
1112 641 1196 694 ande·

676 729 724 764 ren
742 717 838 783 porten
857 710 906 762 der
922 708 1047 766 nebeten.

712 929 885 984 LXXXVIII.
927 928 1041 981 ludes
1072 928 1197 981 aiscoves

675 1001 754 1053 rehte
771 999 850 1052 beret
868 999 919 1050 daz
937 1006 966 1051 'er
981 998 1054 1051 habe
1068 999 1126 1068 ries
1139 999 1197 1050 und

677 1069 824 1123 zweinzich
848 1067 951 1132 boten,
984 1069 1041 1120 und
1068 1068 1126 1120 dise
1150 1088 1197 1120 sir·

675 1141 735 1194 lent
753 1139 794 1192 sin
813 1157 866 1192 von
886 1141 933 1190 des
951 1137 1071 1192 kolliutc
1090 1135 1196 1204 'gesteti-

675 1219 711 1263 te.
748 1211 812 1263 Und
832 1227 864 1261 zu
884 1210 933 1260 der·
957 1209 1072 1262 'ambabt
1097 1209 1195 1272 beret,

675 1280 725 1332 daz
743 1281 765 1332 si
791 1279 962 1332 innewendic
988 1281 1037 1333 dez
1063 1279 1195 1331 Bistumes

673 1349 775 1403 kreisse
801 1350 852 1401 dez
877 1348 1021 1403 Bischoves
1055 1346 1198 1401 botschast

673 1429 725 1472 tun
745 1439 779 1472 zu
798 1418 876 1472 sinen
894 1421 991 1472 buten.
1021 1419 1084 1471 Und
1102 1419 1155 1471 obe
1173 1419 1196 1470 si

675 1489 812 1542 dekeinen
831 1489 953 1542 schaden
963 1498 1077 1542 nement
1091 1507 1125 1540 an
1134 1490 1197 1541 dem

673 1560 742 1624 libe,
763 1559 829 1613 oder
847 1578 879 1611 an
899 1561 961 1612 dem
988 1569 1068 1626 gnte,
1099 1559 1148 1612 daz
1174 1559 1197 1610 si

674 1630 725 1682 mit
741 1630 771 1681 in
790 1631 823 1682 uf
837 1630 861 1681 ir
878 1647 959 1683 verce
978 1631 1122 1691 daliirent,
1142 1629 1196 1680 den

674 1701 796 1753 seboden
813 1700 850 1753 ist
866 1701 1053 1756 derbiscboae
1070 1698 1197 1754 schuldic

675 1769 727 1822 nbc
745 1789 776 1823 ze
796 1770 892 1823 tunde.
933 1779 935 1784 ’

1205 1839 1212 1866 t

710 1871 853 1926 LXXXIX.
872 1871 1102 1938 Ieglicbesunder
1119 1872 1196 1926 diseu

674 1943 716 1998 sol
740 1942 871 2009 ieglicbes
893 1943 963 2009 jures
988 1941 1106 1995 siislicbe
1133 1943 1196 1995 bot-

674 2013 764 2066 scbast
781 2021 831 2065 tun
841 2012 945 2064 mitdes
954 2011 1196 2070 Bischoveskoste.

673 2084 759 2136 Disen
777 2084 818 2135 sol
836 2100 899 2132 marr
917 2080 1019 2135 siislich
1045 2099 1089 2135 ere
1107 2082 1193 2145 bern,
1244 2138 1253 2148 ,

675 2153 725 2204 daz
744 2154 765 2206 si
785 2155 814 2205 in
831 2153 908 2205 sinen
926 2151 983 2204 boh
997 2153 1114 2218 geziten,
1130 2171 1198 2206 scer

673 2225 733 2276 sine
749 2223 820 2276 liute
846 2223 950 2290 gelatet
973 2240 1007 2274 zu
1032 2223 1140 2285 tiscbe,
1167 2241 1200 2284 ao¹

673 2295 765 2347 sulent
783 2293 805 2346 si
824 2309 945 2346 ersamen
972 2294 1077 2360 gestble
1104 2290 1198 2345 baben

674 2381 723 2415 vor
742 2364 803 2416 dem
819 2361 970 2424 Bischeve,
990 2362 1042 2414 daz
1057 2363 1089 2421 ,si
1117 2364 1197 2417 sinen

673 2433 762 2488 liuten
780 2435 870 2487 dester
887 2432 937 2485 baa
953 2429 1049 2487 erkant
1073 2434 1191 2490 werden.

710 2672 765 2725 XC.
785 2673 821 2726 So
840 2673 889 2726 der
905 2675 1018 2730 Bisehol
1042 2676 1138 2731 humet
1163 2679 1196 2732 in

676 2741 720 2795 die
740 2743 826 2805 Stat,
855 2763 883 2796 so
913 2747 954 2798 sol
979 2765 1042 2800 man
1068 2751 1127 2801 aine
1154 2767 1197 2802 res

676 2812 830 2866 Stallenin
856 2814 919 2868 dem
946 2817 1122 2881 stadelbovc,
1148 2818 1197 2871 der

673 2881 760 2936 hebet
777 2900 812 2934 an
837 2901 885 2936 vor
912 2885 974 2938 dem
1002 2887 1116 2958 spitale,
1143 2897 1196 2941 unt

674 2963 719 3018 get
737 2952 859 3006 allambe
878 2954 923 3006 die
942 2973 1019 3010 mure
1034 2957 1075 3012 bia
1093 2975 1128 3012 an
1145 2958 1195 3010 dez

673 3022 819 3078 Bisthoves
836 3026 1005 3092 Bomgarten.

709 3155 784 3214 XCI.
803 3159 859 3212 Het
877 3177 906 3212 er
925 3160 991 3212 aher
1007 3159 1046 3215 vil
1064 3179 1147 3224 resse,
1167 3179 1197 3214 so

673 3227 759 3280 nimet
777 3229 821 3280 die
839 3229 887 3283 der
906 3231 1112 3294 schaltheim,
1132 3231 1200 3286 oder

673 3299 733 3350 sine
751 3298 851 3360 rihtet,
879 3301 937 3352 und
955 3301 1004 3354 der
1020 3302 1194 3366 Marscbalc,

674 3368 731 3420 und
756 3369 870 3422 stellent
897 3372 918 3422 si
944 3370 974 3422 in
1009 3371 1058 3424 der
1087 3377 1196 3428 offensu

674 3438 849 3492 wirtsbuser.
869 3441 923 3493 Het
932 3457 960 3492 er
968 3440 1033 3494 aber
1046 3459 1090 3496 me
1109 3462 1194 3504 resse,

674 3525 703 3560 so
721 3510 797 3561 ensol
816 3527 845 3562 er
860 3516 896 3561 tu
913 3509 991 3564 r'ohte
1016 3513 1045 3564 in
1064 3513 1196 3566 dekaines

673 3577 782 3643 burgeis
807 3579 877 3632 huse
901 3583 1019 3646 stetten,
1047 3601 1083 3644 er,
1101 3585 1196 3638 enbitc
1261 3583 1263 3592 ’

673 3649 703 3704 in
723 3649 796 3705 dann
815 3650 954 3708 darumbe.

707 3922 795 3977 XCII.
816 3926 856 3977 Ist
874 3924 940 3978 aber
956 3924 1007 3978 dan
1025 3925 1075 3978 der
1086 3925 1192 3990 Kelesa,

661 3991 741 4046 'oder
759 3993 808 4046 der
835 3994 927 4048 Kunic
960 3993 1056 4047 kamet
1081 3997 1120 4048 in'
1137 3998 1198 4055 diso

667 4071 745 4124 stat,
773 4081 802 4115 so
820 4062 970 4133 hebberget
994 4081 1059 4121 man
1085 4066 1127 4123 siu
1152 4085 1198 4125 sca

674 4134 762 4187 allent
779 4133 890 4188 halben.

663 4295 669 4310 ·-
709 4267 811 4325 sent.
830 4271 882 4326 Die
899 4272 1013 4340 Burgsrc
1031 4273 1123 4330 solent
1140 4274 1199 4333 alle
