2694 4988
236 255 310 332 tto
566 265 679 324 eroes
705 231 999 322 nnneosann'ncss

233 415 295 478 bus
314 419 422 496 raptae
444 415 538 487 sunt,
573 405 734 490 legitimae
755 405 883 468 demum
911 427 1036 472 uxores,
1051 405 1205 482 nullatenus
1223 435 1269 478 esse

232 505 378 582 pussant.
418 495 508 579 lpsos
530 500 637 554 autem
657 497 813 572 raptores,
836 488 940 571 iisque
961 489 1108 552 auxilium
1132 495 1270 576 praebentes

233 599 427 662 quamquam
447 571 761 638 anathematizandos
788 571 913 656 antiqui
944 575 1085 635 Canones
1110 578 1269 659 praecipiant,

233 666 268 724 iu
291 661 404 724 ultimo
425 671 531 722 tamen
555 655 739 732 constituti,
761 653 789 717 si
810 654 925 718 devote
952 657 1175 738 postulaverint,
1190 679 1268 722 menn

233 743 495 809 communionem
517 741 550 800 iu
574 737 691 799 viatico
714 757 778 798 non
815 735 1017 820 denegamus.
1037 746 1071 816 n)
1109 739 1190 818 Quod
1204 743 1224 801 si
1238 745 1268 804 eli·

232 827 306 908 quis
328 825 368 888 de
390 825 504 888 ordine
529 819 683 886 Clericali
704 818 890 880 huiusmodi
909 830 1114 904 transgressor
1132 832 1178 882 aut
1193 843 1268 908 coope-

231 919 320 974 ratos
340 905 498 980 extiterit,
520 901 643 987 proprii
665 902 780 984 gradus
801 901 926 966 honore
955 903 1079 966 carebit.
1116 903 1247 971 1.30.15.

313 989 370 1052 IV.
410 990 459 1052 De
482 985 604 1049 iudicio
625 993 731 1045 autem
753 983 870 1045 iudicis
890 995 956 1048 tem
978 985 1154 1068 frequentur
1168 1009 1268 1049 remam

229 1092 352 1149 ramus,
374 1069 451 1156 quia
472 1067 605 1134 omnino
625 1067 904 1144 cousuetudinem
925 1067 1201 1133 iudicandi‘iuiuste
1216 1071 1267 1132 loli-

223 1155 323 1232 ¹‚asilaus
343 1157 470 1232 aut'erre
491 1152 650 1218 volumus.
692 1149 757 1212 Sed
784 1157 910 1214 tantum
942 1150 1112 1212 secundnm
1138 1152 1266 1234 scripturae

228 1237 387 1318 iudicent,
410 1245 443 1301 et
463 1232 649 1302 nullatenus
669 1233 848 1309 secuudum
870 1231 1037 1301 arbitrium
1055 1255 1150 1297 suum.
1173 1234 1219 1296 Sed
1232 1235 1266 1296 die

230 1327 306 1394 cant
327 1319 469 1400 pleniter
490 1317 595 1398 legem
616 1315 681 1376 scri
702 1325 775 1380 tam.
795 1314 845 1378 De
866 1331 934 1400 qno
956 1323 1059 1378 eutem
1079 1336 1139 1377 nou
1155 1325 1193 1378 est
1206 1317 1265 1400 scrip-

229 1411 281 1480 ta,
305 1397 369 1465 hoo
392 1410 502 1486 nostro
523 1395 660 1466 consilio
680 1339 839 1471 [abeatur
858 1399 891 1461 iu
915 1399 1110 1482 quibusdam

311 1483 351 1548 V.
391 1476 558 1544 Saucitnm
580 1489 643 1552 est,
665 1489 703 1540 ut
723 1480 833 1542 nullus
854 1476 1010 1565 quislibet
1029 1477 1261 1544 Ecclesiasticnsnls

228 1562 280 1636 his
301 1565 446 1647 personis
465 1587 518 1626 res
540 1562 693 1645 deinceps
714 1562 859 1646 accipere
882 1575 1077 1645 praesumat,
1098 1563 1258 1646 quarunlile

226 1647 257 1710 ri
278 1657 333 1710 aut
354 1647 530 1729 propinqui
560 1645 620 1708 hac
645 1645 828 1708 inconsulta
857 1648 1021 1710 oblatione
1048 1668 1150 1709 rerum
1174 1645 1252 1730 propria·

208 1750 300 1810 ⁶runs
321 1729 513 1794 exheredari
535 1737 673 1811 possent.
716 1729 812 1808 Quod
833 1728 859 1792 si
881 1731 1000 1814 aliquis
1021 1730 1160 1812 deinceps
1182 1728 1251 1788 hasla·

226 1833 302 1890 ,cere
325 1812 499 1890 tentaverit
533 1833 580 1894 'ex
601 1811 661 1873 hac
682 1833 717 1872 re
740 1834 758 1872 a
779 1811 935 1898 synodali
958 1824 992 1875 et
1018 1812 1165 1896 imperiali
1186 1803 1253 1870 sentin·

225 1894 270 1954 tia
293 1893 484 1978 omnimodis
506 1857 658 1970 leniatur,
681 1903 713 1955 et
734 1915 785 1956 res
806 1895 1079 1972 adexheredatos
1097 1893 1207 1958 redeant
1226 1891 1255 1950 Cn·

225 1979 310 2061 pieni
340 1977 462 2042 Ludos.
484 1977 523 2040 Ρ.
544 2000 573 2042 a.
593 1977 664 2039 816.
687 1998 712 2042 c.
735 1999 764 2058 7.

311 2061 369 2122 Vl.
410 2060 577 2138 Volumus,
588 2069 624 2120 ut
634 2059 737 2121 omnis
749 2056 917 2140 inquisitio
927 2058 970 2130 de
983 2059 1076 2122 rebus
1088 2055 1258 2132 Ecclesinn'sts,

225 2139 280 2202 vel
310 2141 349 2204 ad
373 2141 422 2204 ins
443 2142 530 2206 Fisci
560 2141 661 2202 nostri
689 2141 945 2224 pertinentibus,
975 2165 1057 2224 quae
1083 2142 1201 2204 facienda
1223 2147 1259 2214 est,

227 2245 292 2288 non
315 2245 374 2305 per
394 2234 509 2302 testes,
530 2224 587 2308 qui
608 2223 756 2306 producti
777 2225 918 2301 fuerint,
950 2226 1008 2286 sed
1028 2224 1082 2306 qui
1102 2225 1131 2286 in
1150 2245 1178 2286 eo
1194 2220 1258 2282 Coni-

224 2316 295 2368 tatn
317 2307 467 2368 meliores
487 2317 520 2368 et
541 2307 721 2369 veraciores
742 2328 808 2368 esse
831 2317 1088 2388 cognoscuntur,
1113 2327 1161 2389 per
1177 2305 1258 2364 illornn

223 2388 442 2450 testimonium
465 2389 632 2470 inquisitio
653 2390 717 2466 liat,
740 2397 772 2451 et
789 2389 880 2450 iuxta
895 2391 986 2472 quod
1008 2389 1058 2450 illi
1078 2387 1205 2451 testificati
1219 2387 1260 2444 fne-
1288 2389 1289 2392 ’

223 2468 308 2544 rint,
332 2471 383 2530 vel
406 2471 652 2558 contineantur,
683 2472 736 2533 vel
759 2472 937 2534 reddantur
973 2472 1058 2557 ipsae
1082 2494 1137 2536 res.
1177 2466 1260 2552 Capitat

224 2551 347 2615 Lrsdov.
369 2552 408 2612 P.
430 2575 463 2617 e.-
481 2553 551 2627 820,
573 2551 657 2614 Sect.
681 2553 720 2620 V.
743 2576 770 2624 c.
792 2553 821 2616 6.

324 2631 397 2702 Vll.
440 2637 483 2696 Ut
503 2621 665 2716 Episcopi,
688 2636 746 2717 qni
767 2657 817 2698 res
838 2635 1006 2698 Ecclesiae
1028 2637 1109 2699 circa
1126 2631 1260 2719 propinquat
1286 2603 1287 2698 l

224 2738 298 2780 snos
321 2718 522 2800 expendunt,
535 2717 818 2802 reprehensionem
834 2730 979 2797 caveant,
992 2719 1024 2782 ei
1044 2715 1213 2782 discretionis
1226 2732 1260 2770 un
1285 2719 1286 2808 l

224 2800 301 2860 dum
322 2807 465 2862 teneant.
506 2801 668 2877 Quoniam
690 2801 784 2860 multi
804 2802 1041 2883 Episcoporum
1067 2822 1161 2864 amore
1177 2793 1260 2882 propin·

223 2899 362 2964 quorum
383 2903 513 2944 suorum
535 2882 693 2944 derebus
715 2883 776 2946 sihi
798 2885 1028 2946 commendatis
1053 2908 1109 2947 suo
1131 2891 1176 2944 eut
1196 2875 1260 2959 qnali-

222 2963 279 3025 bet
299 2965 474 3030 amicorum
497 2965 638 3044 nomine,
660 2966 791 3048 praedia
812 2977 846 3027 et
865 2968 1024 3048 mancipia
1046 2975 1156 3042 emunt,
1174 2971 1197 3024 et
1212 2956 1260 3019 ulit

223 3069 355 3108 suorum
376 3047 632 3130 propinquorum
654 3047 703 3109 ine
725 3046 950 3110 conducentur
970 3053 1011 3128 ο),
1033 3057 1169 3112 statuunt
1198 3037 1261 3104 Ettl

223 3129 287 3190 hoc
309 3131 379 3190 iura
400 3130 623 3192 Ecclesiastico
644 3131 894 3205 convelluntur,
928 3141 960 3191 et
981 3130 1176 3194 mtnisserium
1192 3127 1261 3188 Sacer·

223 3212 330 3275 dotale
354 3214 515 3289 fuscatur,
538 3211 602 3273 imo
631 3213 669 3274 ab
697 3213 833 3274 subditis
866 3213 1060 3292 detrahitur,
1089 3223 1118 3276 et
1142 3201 1263 3293 conteuti·

215 3303 287 3368 ¹tur.
330 3293 458 3360 Placuit
479 3295 588 3378 itaque
611 3295 703 3356 uobis
725 3295 891 3370 omuibus,
916 3307 951 3357 nt
974 3295 1120 3378 deinceps
1137 3294 1188 3357 hoo
1203 3304 1264 3347 svart·

222 3375 286 3463 tiae
308 3397 409 3457 genus
439 3388 603 3449 cereatum
647 3379 809 3461 linumque
840 3377 977 3457 abhinc,
1012 3390 1046 3441 et
1072 3379 1102 3438 iu
1128 3382 1263 3460 perpetuus

221 3479 408 3539 mansurum
430 3479 496 3520 esse
519 3459 740 3540 decrevimus,
773 3468 810 3524 ut
829 3460 1008 3544 Episcopus
1030 3462 1068 3523 de
1087 3449 1262 3540 renuentia

221 3541 277 3616 ris,
300 3563 380 3624 quas
401 3551 475 3602 ante
496 3541 736 3626 Episcopatum,
757 3553 811 3603 aut
832 3553 919 3604 certe
942 3547 975 3604 in
984 3545 1165 3626 Episcopatu
1180 3530 1262 3624 heredid

221 3625 302 3706 turia
323 3623 526 3688 successione
550 3623 733 3706 adquisivit,
754 3625 932 3688 secundum
953 3622 1260 3694 auctoritatemCanonn

194 3781 197 3790 ,
222 3728 291 3768 cam
313 3703 475 3790 quidquid
499 3707 570 3767 vult
589 3708 697 3786 faciat,
719 3717 752 3771 et
772 3709 826 3772 oui
846 3709 929 3786 vult,
951 3711 1100 3771 conferat.
1143 3707 1263 3782 Postqnn

222 3801 329 3853 autem
350 3789 529 3872 Episcopus
548 3789 651 3856 fectus
672 3799 742 3874 est,
774 3811 983 3879 quascunque
1011 3812 1062 3856 res
1088 3789 1125 3854 de
1147 3779 1257 3854 Ecclesia

224 3941 522 3976 'F‘r'fflffl
882 3965 885 3970 .

257 3996 289 4072 n)
306 3997 357 4050 on.
374 3995 442 4050 Cod.
460 3995 637 4058 comessoris,
663 3995 689 4049 si
711 3996 759 4050 dea
878 3997 1075 4052 consensionis
1105 3993 1209 4050 staticus
1226 3991 1255 4038 nst

259 4132 264 4140 ἱ
312 4079 371 4123 sote
401 4069 630 4134 postulaverint,
656 4085 756 4126 sacros
844 4119 847 4124 ,
881 4066 1050 4138 denegarunt.
1138 4113 1140 4119 ,
1197 4107 1199 4114 ,

783 4180 787 4186 .
826 4137 860 4213 s)
875 4138 965 4196 natus.
982 4135 1090 4198 sedans
