2700 4992
220 273 296 350 670
550 289 661 345 neers
688 289 983 348 narcoesuurcrn

216 433 301 492 tutet
321 430 481 486 anteriorem
510 427 632 483 chaesu
653 427 748 482 dieat:
773 427 834 482 Tua
852 430 947 484 charta
970 438 1064 485 eontra
1084 427 1163 486 ierem
1179 445 1212 491 est
1261 445 1278 496 ἰ

253 513 360 575 utquam
392 501 458 554 iecit
477 499 544 552 mihi
567 517 650 552 unam
678 498 876 564 traditionem,
904 519 960 555 non
981 504 1072 573 potuit
1093 473 1172 566 ideere
1191 457 1272 566 alisi:

214 523 296 700 dioprpp
315 569 788 697 ipspgtrquitehabctllppstpidorem,
806 571 934 650 dioride
953 571 1094 626 anteriori:
1118 573 1178 656 falsa
1197 590 1229 632 est
1242 555 1278 652 ipsi

215 659 338 782 ξιῗιέιι
355 729 382 764 ιι
396 657 575 772 siusili?
582 659 660 762 ιὲιι
675 642 1153 766 rettulitretiulit
1163 647 1195 766 d
1207 651 1277 786 llll

215 784 349 842 ecelesiae
362 783 388 834 S.
398 779 479 840 Petri,
498 780 572 832 unde
584 780 643 850 ipse
661 788 703 830 est
711 780 874 837 Adsecutus.
894 787 955 853 lpas
965 792 1036 836 terra
1049 785 1151 855 propria
1164 790 1235 840 estde
1245 809 1277 843 no

212 855 332 910 ιιειιειίο
346 868 394 921 ρει
412 849 543 914 chartam,
562 848 858 922 quemfecitDonatus.
877 853 912 908 Ει
929 853 996 924 quid
1025 853 1165 908 ertinetad
1178 858 1252 910 eecles'

214 926 241 982 S.
252 923 344 978 Patri?
354 923 406 976 Per
415 919 545 984 chartam,
564 938 647 990 quam
658 919 726 972 iecit
737 920 795 991 ipse
808 923 940 976 Donatus.
958 871 1031 1006 Ipsis),
1043 924 1090 993 qui
1099 923 1179 976 habet
1189 877 1278 995 pos&

213 1013 270 1050 rem
293 994 433 1054 chartam,
458 990 534 1044 dicat
553 991 716 1044 anteriorem
734 990 838 1044 falsam.
874 993 1031 1056 Tuscula,
1051 993 1128 1047 euius
1146 995 1226 1050 charta
1239 1000 1278 1052 laiss

214 1073 313 1122 vocata
338 1071 397 1125 est,
427 1061 516 1114 dicat:
544 1061 681 1132 ιριοιιοιιο
700 1060 740 1112 vis
766 1071 798 1115 ιιι
825 1062 972 1116 clareiacta
989 1063 1064 1114 liat?
1108 1063 1135 1116 Si
1159 1065 1278 1120 advesarius

211 1133 379 1258 respprlrdepit
388 1148 462 1254 :vpler
480 1147 615 1254 ριὲεριιιιις
633 1132 821 1254 interrogpltrpr.
837 1133 946 1252 dw'rei
963 1133 1098 1198 adardire,
1118 1141 1149 1214 ut
1163 1134 1206 1188 illa
1220 1137 1278 1192 ιιιιιι

209 1217 249 1330 il
263 1221 334 1358 ..22
345 1219 507 1326 'salita
527 1203 1276 1342 attlzsttstftetz·..l.⁰¹a..l.:l¹.ttt.?¹¹tt

209 1345 312 1418 placiti*
323 1350 491 1396 sacramenta
507 1349 578 1393 sunt.
614 1341 769 1404 falsatoris,
789 1351 821 1394 ut
837 1359 942 1412 ponens
969 1342 1093 1398 chartam
1116 1363 1147 1396 su
1165 1347 1276 1400 salliaris

210 1417 303 1471 dicat:
329 1415 371 1466 De
391 1415 460 1474 hoe,
485 1410 562 1480 quod
584 1427 633 1477 ego
651 1410 788 1480 appellavi
812 1411 885 1466 hanc
912 1413 1036 1466 chamum
1063 1431 1120 1466 esse
1142 1363 1234 1478 duan,
1251 1435 1276 1470 ns

209 1487 315 1541 sciente
332 1482 404 1536 nihil
421 1481 498 1536 aliud
515 1479 567 1534 nisi
590 1481 757 1534 uerissimam
779 1491 807 1534 et
824 1499 915 1536 veram
934 1485 1070 1536 rationem
1088 1484 1195 1552 exquiro
1209 1486 1229 1536 iu
1242 1503 1274 1538 ιιι

209 1556 290 1610 nibus
307 1554 411 1606 modis:
431 1551 459 1606 Si
481 1553 560 1607 Deus.
597 1550 700 1604 Falsati
718 1550 757 1604 ita
776 1551 895 1621 quidem.
931 1554 1010 1606 Haec
1029 1553 1123 1607 charta
1140 1572 1197 1608 vera
1211 1557 1272 1608 etilo

210 1645 263 1682 nea
288 1633 344 1678 est:
371 1622 399 1676 Si
425 1624 508 1675 Deus.
545 1622 636 1673 Poena
663 1621 789 1675 imminet
812 1623 922 1694 utrique
945 1623 1068 1676 falsaturi
1095 1625 1183 1688 victo,
1206 1633 1270 1678 ιιιιιι

210 1697 322 1756 refutet,
342 1702 370 1746 et
387 1691 538 1744 secuudum
567 1690 760 1756 obligationem
784 1690 896 1746 chartae
919 1695 1077 1765 persolvat,
1104 1693 1155 1744 nisi
1175 1693 1268 1764 aliquale

208 1768 231 1820 si
245 1764 363 1820 intentio
381 1761 462 1814 fuerit
478 1761 551 1812 iuter
568 1762 635 1814 duas
654 1760 762 1814 chartas
778 1779 890 1816 manum
905 1764 1015 1835 perdat,
1034 1774 1082 1818 aut
1097 1765 1208 1816 redimat
1231 1765 1269 1816 lli

207 1845 250 1890 est
268 1835 422 1908 appellatus
444 1831 566 1884 bannum
584 1830 687 1884 tribuat
703 1830 802 1885 falsato
819 1832 903 1896 victo,
925 1843 955 1886 ut
973 1851 1032 1886 reru
1052 1833 1166 1895 amittat,
1190 1833 1272 1898 widrigild

209 1925 288 1961 suum
306 1911 470 1972 componat,
490 1899 611 1954 bannum
628 1903 734 1963 solvat,
761 1903 872 1973 quando
890 1912 930 1957 est
948 1904 1113 1974 appellatus.
1148 1904 1174 1956 Si
1189 1919 1234 1958 vero
1246 1903 1273 1954 iel

208 1973 426 2036 intermiserit,
446 1981 478 2024 ιιι
489 1987 530 2022 res
542 1988 591 2041 per
608 1980 806 2024 sacramentum
820 1973 940 2036 finiatur,
960 1975 992 2026 fit
1011 1983 1045 2027 ut
1062 1973 1177 2042 superins
1192 1973 1273 2026 diuinus.

219 2095 223 2102 .
293 2047 351 2110 lV.
392 2043 427 2104 Si
456 2041 529 2124 qnis
555 2062 613 2124 per
635 2063 669 2103 se
701 2043 825 2125 ipsum,
855 2053 912 2103 aut
939 2064 998 2124 per
1032 2065 1127 2105 suum
1146 2044 1274 2112 nuncium,

209 2129 385 2214 quicquam
402 2125 501 2186 alicui
524 2123 725 2206 deposuerit,
747 2134 780 2185 et
799 2124 991 2207 depositum,
1011 2125 1182 2212 cupiditate
1200 2124 1275 2199 vietus,
1306 2105 1307 2134 ¹

211 2210 389 2295 negaverit,
412 2207 446 2274 si,
461 2204 536 2272 XX.
553 2206 645 2268 solid.
666 2206 808 2288 pretinm
829 2206 939 2284 feerit,
963 2216 1000 2267 nt
1022 2229 1084 2293 per
1108 2229 1229 2292 pugnam
1244 2227 1276 2267 se·

208 2295 286 2359 ritas
318 2291 532 2366 decernatur,
559 2288 725 2349 edicimus.
806 2288 850 2353 ΙΙ.
872 2291 921 2354 55.
943 2290 992 2353 55.

279 2391 359 2427 roan.
395 2373 472 2424 Petro
490 2380 519 2423 ιε
539 2373 661 2440 appellat
678 2373 825 2434 Martinus,
853 2369 927 2443 quod
947 2371 1006 2444 ipse
1027 2371 1151 2444 deposuit
1166 2370 1208 2424 tibi
1227 2375 1277 2422 tanta

209 2445 323 2514 mobilia
341 2459 412 2513 quae
430 2440 559 2496 valebant
577 2441 676 2492 solidos
699 2442 776 2494 cix.
796 2442 899 2506 Viginti
923 2443 1000 2495 solid.
1023 2451 1130 2496 tantum
1152 2439 1209 2492 mihi
1224 2439 1277 2507 depo·

210 2515 298 2578 suisti,
317 2513 366 2565 sed
387 2529 441 2562 non
459 2511 528 2584 plus.
565 2511 624 2564 Hoc
646 2510 749 2573 sciatis,
770 2510 889 2582 qualiter
906 2512 935 2563 in
953 2512 1019 2575 hoc,
1061 2513 1115 2566 nod
1132 2511 1225 2567 dixerit.
1240 2519 1277 2560 ιιι-

210 2595 270 2638 tum
288 2583 354 2636 milri
374 2579 537 2650 deposuisti,
557 2580 606 2632 sed
626 2599 681 2632 non
705 2581 776 2652 plus.
814 2581 843 2634 Si
867 2581 958 2644 illud,
980 2533 1059 2654 quod
1078 2583 1211 2648 negaverit,
1226 2575 1278 2630 neit

209 2655 290 2726 pretii
308 2653 367 2708 XX.
386 2652 544 2710 solidorum,
562 2658 610 2702 aut
628 2668 660 2703 eo
679 2652 805 2722 amplius,
823 2660 892 2706 tunc
910 2671 959 2724 per
976 2653 1085 2706 bellum
1102 2653 1134 2703 lis
1151 2651 1245 2703 liniatur.
1262 2643 1278 2696 ti

209 2741 275 2778 sero
291 2723 387 2776 subtus
405 2723 462 2775 xli.
481 2719 558 2772 solid
577 2720 668 2784 luerit,
694 2731 761 2776 tuuc
785 2739 834 2794 ρει
851 2734 1021 2778 sacramenta
1039 2742 1082 2778 res
1105 2731 1195 2774 currat.
1228 2721 1278 2770 Pele

210 2799 240 2850 te
257 2795 379 2866 appellat
394 2791 538 2854 Martinus,
558 2792 633 2859 quod
655 2791 714 2862 ipse
735 2791 861 2864 deposuit
877 2794 929 2849 tibi
948 2812 995 2866 per
1019 2813 1099 2847 suum
1117 2793 1215 2844 Missum
1229 2796 1278 2840 ιιιιι
1305 2807 1306 2812 ’

207 2883 259 2920 sua
276 2863 407 2924 mobilia,
433 2878 505 2932 quae
533 2861 662 2914 valebant
679 2861 757 2914 solid.
777 2865 832 2915 XX.
876 2865 919 2916 De
935 2872 1008 2916 torto
1026 2881 1071 2916 me
1090 2859 1224 2932 appellasti.
1250 2853 1278 2906 llis
1305 2869 1306 2900 1

210 2936 236 2988 ei
259 2931 405 2986 adardirel
444 2932 524 2985 Volo.
566 2932 682 2984 Vadiate
709 2949 836 3001 pugnam.
871 2936 949 2986 Petro
973 2944 1001 2986 te
1026 2935 1146 3004 appellat
1167 2928 1276 2982 Martinus.
1305 2907 1306 2936 i

230 3006 366 3058 undenus
388 3011 465 3073 pater
484 3000 627 3065 arnaldus,
645 3019 693 3053 sus
711 3020 779 3054 uxor
798 3002 876 3067 alda,
895 3003 1029 3056 Martinus
1050 3021 1115 3054 suus
1139 3015 1229 3057 servus,
1250 3001 1278 3042 lli

207 3024 336 3129 irruitur
358 3091 420 3125 suus
440 3071 522 3134 iilius,
543 3071 719 3142 deposuerint
736 3071 786 3122 tibi
811 3091 860 3142 per
882 3089 911 3124 se
934 3075 1025 3144 ipsos,
1050 3081 1098 3125 aut
1120 3087 1177 3124 suos
1193 3063 1278 3118 Nuncior

207 3147 266 3202 XX.
284 3143 392 3197 solidos.
429 3143 470 3194 De
489 3149 560 3194 tortu
583 3161 627 3194 me
649 3139 802 3212 appellasti.
836 3145 892 3194 Aut
912 3143 942 3196 Χ.
963 3143 1031 3194 mihi
1048 3144 1225 3214 deposuerunt,
1239 3133 1278 3202 plu

204 3233 272 3271 uun.
309 3217 387 3266 Potes
412 3211 436 3263 ei
454 3212 578 3282 probare,
596 3221 628 3266 ut
645 3222 716 3265 totos
734 3211 792 3264 XX.
812 3213 911 3264 solidos
930 3212 956 3264 ei
975 3209 1160 3282 deposuisses?
1192 3206 1216 3258 Si
1228 3203 1278 3254 dire

207 3288 259 3344 rit:
281 3299 410 3356 possum
439 3282 578 3352 approbet.
616 3282 644 3334 Si
664 3298 742 3334 vero:
769 3299 837 3336 nou:
861 3291 929 3335 tunc
955 3285 1109 3354 appellatus
1133 3280 1177 3331 det
1193 3270 1277 3348 eiradi3

206 3357 309 3420 nouis,
328 3355 351 3407 si
373 3371 402 3406 se
421 3354 577 3409 recordatus
596 3351 697 3416 fuerit,
724 3352 800 3423 quod
826 3351 998 3416 emendabit,
1022 3360 1055 3404 nt
1074 3359 1173 3404 rectum
1196 3352 1234 3396 ειι
1260 3341 1278 3392 Si

208 3444 282 3488 uon,
309 3433 340 3478 nt
358 3441 387 3476 se
409 3423 526 3476 endicat.
562 3423 641 3491 Quae
658 3421 812 3476 vadimonia
830 3421 933 3476 debent
956 3439 1013 3474 esse
1037 3439 1101 3474 eum
1118 3410 1278 3472 fideiussoribus

206 3496 293 3566 tacita
309 3509 406 3564 poena.
441 3494 526 3546 Cuius
544 3492 640 3563 placiti
658 3500 826 3544 sacramenta
844 3503 908 3546 sunt
924 3493 972 3546 ita.
1008 3491 1173 3562 Appellatus:
1188 3488 1222 3538 lle
1235 3482 1275 3538 locs

209 3568 283 3619 uude
300 3574 330 3618 te
352 3583 387 3634 ap
406 3563 500 3625 ellari,
520 3561 594 3633 quod
617 3579 666 3628 ego
684 3561 869 3632 deposuissem
888 3563 940 3615 tibi
958 3579 1007 3632 per
1023 3580 1086 3625 me,
1103 3561 1147 3614 vel
1162 3574 1204 3628 per
1214 3565 1275 3604 menn

205 3635 336 3690 nuntium
353 3583 411 3687 xri.
431 3633 542 3694 solidos,
565 3633 610 3687 vel
627 3633 702 3704 qnod
724 3649 877 3696 unomen,
899 3634 944 3686 vel
965 3632 1037 3684 filius
1053 3648 1138 3692 meus,
1161 3626 1200 3679 vel
1214 3633 1275 3673 senus
1304 3639 1305 3642 ¹

207 3723 285 3760 meus
302 3703 354 3759 tibi
371 3704 558 3776 deposuissent
577 3721 626 3773 per
647 3719 676 3754 se
698 3702 780 3772 ipsos,
796 3709 844 3753 aut
865 3719 927 3755 suos
944 3701 1056 3755 nuntios
1075 3702 1108 3754 Χ.
1124 3697 1228 3754 solidos,
1247 3703 1273 3738 Νι
1304 3723 1305 3758 g

207 3778 314 3832 sciente
334 3776 456 3827 detorto
473 3783 501 3828 te
519 3789 574 3824 non
592 3771 737 3843 appellavi.
774 3771 804 3826 si
825 3772 906 3825 Deus.
931 3773 1091 3843 Appellatus
1108 3769 1187 3821 iuret:
1203 3758 1274 3815 dehoc
1304 3775 1305 3808 ι

209 3849 283 3902 unde
299 3845 443 3918 appellasti
460 3861 516 3904 me,
534 3843 611 3926 quod
632 3852 673 3905 tu,
692 3841 738 3896 vel
758 3859 826 3894 uxor
851 3851 909 3907 tus,
927 3843 973 3895 vel
996 3844 1067 3896 iilius
1084 3849 1162 3899 tuus,
1183 3833 1220 3888 vel
1236 3841 1274 3908 ἰιι-

206 3937 256 3975 rus
283 3928 346 3972 tuus
367 3915 561 3986 deposuissetis
585 3931 633 3984 per
655 3929 724 3975 vos,
750 3913 796 3966 vel
822 3929 870 3982 per
899 3913 993 3966 Missos
1017 3919 1115 3965 vestros
1135 3906 1187 3961 xx.
1203 3897 1272 3974 solli?⁵

207 3989 294 4049 mihi,
313 3987 447 4044 ¹detorto
465 4002 509 4037 me
527 3983 678 4056 appellasti.
714 3982 742 4036 si
763 3983 846 4034 Deus.
881 3984 974 4036 Poena
998 4001 1061 4036 vero
1086 3978 1199 4048 utrisque
1213 3970 1274 4022 inui-

207 4068 264 4118 net.
316 4056 485 4128 appellatori
509 4056 583 4110 uicto
601 4054 729 4126 quidem,
755 4052 776 4104 si
796 4051 929 4106 Romanus
949 4061 990 4106 est
1010 4051 1169 4124 appellatus,
1186 4051 1211 4096 ul
1228 4033 1273 4089 Μ’·

208 4141 283 4182 ιειιιι
303 4129 409 4182 decima
436 4133 514 4210 parte
537 4126 600 4178 litis.
636 4124 727 4176 Ceteri
753 4121 882 4204 quidem,
909 4133 937 4176 et
961 4124 1033 4176 idem
1057 4125 1183 4173 Romanus
1203 4103 1272 4178 iplii'

207 4202 273 4252 lator
291 4197 357 4251 victi
371 4197 504 4264 widrigild
518 4214 566 4267 ρει
579 4211 674 4250 manus
688 4192 848 4244 incisionem
865 4209 957 4245 caussa
971 4199 1080 4246 extante
1094 4183 1199 4261 periurio
1211 4187 1271 4250 ριθῐῑΙ

208 4271 346 4325 feriantur.
383 4267 520 4340 appellati
541 4260 656 4337 'quidem
674 4263 695 4314 si
718 4265 851 4316 llomauus
874 4273 915 4315 est
932 4264 1026 4328 victor,
1045 4271 1078 4324 ιιι
1093 4255 1225 4330 depositum
1238 4245 1271 4296 du·
