2734 4990
509 269 766 330 111011110011
1129 252 1202 324 431

323 415 404 510 Item
431 412 494 473 ulio
523 409 721 502 aequalentia
727 453 741 483 ,
772 407 820 471 vel
842 420 978 490 pectunt.

177 527 296 596 LXIX.
336 525 524 597 Auxiliante
549 527 690 588 Domino
710 533 819 587 nostro
835 522 910 585 lesu
922 522 1062 603 Cbristo,
1081 524 1204 608 placuit

86 623 197 698 utque
225 610 378 675 convenit
405 608 491 670 inter
514 608 610 670 illum
631 617 662 671 et
691 627 879 692 germanum
902 627 998 668 suum
1019 607 1115 668 illum
1142 618 1203 674 etc.

87 711 129 760 ut
155 717 253 780 supra
280 713 354 779 pag.
382 691 453 753 562.
625 773 628 787 Ι

300 803 403 870 Aliud
417 815 549 888 pactum
575 801 740 865 divisionis
763 801 847 863 iuter
860 801 995 885 fratres.

179 923 275 990 Lxx.
315 922 451 984 Pactum
481 917 647 981 divisionis
673 917 760 978 inter
778 918 903 994 fratres,
924 916 959 978 id
986 928 1062 980 sunt
1090 921 1148 984 ille
1170 931 1203 984 et

93 1007 175 1084 ille,
202 1003 340 1068 heredes
366 1003 455 1066 illius
482 1010 515 1063 et
538 999 626 1062 illins
655 999 842 1083 quondam,
882 999 1022 1082 qualiter
1051 1002 1137 1066 iuter
1168 1025 1203 1067 se

95 1090 223 1152 alodem
243 1097 305 1150 etc.
327 1099 362 1148 ut
386 1105 482 1170 supro
505 1103 578 1168 pag.
605 1083 679 1165 407.
713 1119 716 1124 -

139 1203 287 1290 Qualiter
305 1196 349 1262 ⁴iu
376 1220 437 1261 uno
468 1199 633 1340 volumini!
642 1198 718 1258 'oiri
744 1209 776 1259 et
806 1198 920 1259 uxoris
947 1209 1163 1262 testamentum

548 1299 607 1342 eon
633 1291 714 1340 atur.

178 1397 293 1462 Lxx1.
325 1399 491 1480 Regnante
508 1395 541 1454 in
558 1402 717 1478 perpetuo
729 1393 868 1455 Domino
887 1385 996 1458 rioslro
1010 1396 1083 1459 lesu
1097 1395 1205 1460 Chris·

92 1492 141 1562 to,
169 1481 244 1544 loeo
267 1481 339 1558 illo,
362 1501 446 1542 anno
476 1479 553 1556 illo,
581 1485 736 1560 regnante
761 1475 821 1538 illo
839 1479 947 1560 Rege,
976 1477 1035 1538 sub
1057 1480 1110 1544 die
1134 1479 1204 1560 illa,

93 1587 158 1650 ego
179 1565 237 1626 ille
260 1571 295 1623 et
314 1562 435 1624 coniux
455 1581 525 1620 mea
544 1557 602 1620 illa
625 1566 686 1626 etc.
707 1571 743 1620 ut
764 1579 862 1643 supra
879 1581 953 1644 pag.
977 1559 1048 1624 525.

246 1677 321 1739 Alio
348 1675 442 1738 modo
466 1675 600 1760 qualiter
623 1685 838 1736 testamentum
859 1678 930 1758 quis
949 1674 1064 1758 saciat.

186 1791 318 1853 LXXII.
358 1790 524 1872 Regnante
558 1787 592 1849 in
629 1798 785 1884 perpetuo
819 1789 958 1851 Domino
988 1801 1100 1857 nostro
1133 1791 1208 1854 lesu

103 1873 246 1952 Christo,
262 1894 352 1932 ‚anno
372 1871 431 1932 illo
452 1872 545 1949 illius
561 1873 667 1954 Regis,
688 1871 747 1933 sub
769 1870 820 1933 die
845 1873 935 1934 illius
961 1875 1099 1951 mensis,
1126 1876 1210 1936 feria

99 1957 172 2036 illa,
192 1955 370 2017 indictione
391 1953 459 2034 illa,
481 1976 541 2038 ego
563 1954 626 2028 ille,
641 1952 826 2015 filinsillius
846 1976 921 2016 sana
941 1965 1049 2018 mente
1070 1956 1211 2039 integro·

99 2061 166 2122 qne
189 2037 336 2115 consilio,
358 2045 503 2098 metuens
524 2057 614 2097 casus
632 2035 792 2098 hnmanae
815 2037 1014 2120 fragilitatis,
1035 2047 1209 2100 testamcu-

99 2132 171 2183 tum
193 2141 300 2181 meum
322 2119 465 2198 condidi,
479 2118 570 2200 quod
591 2118 643 2178 illi
663 2119 865 2180 scribendum
880 2121 1034 2200 commisi,
1055 2131 1211 2202 1111111111-

102 2205 145 2266 do
168 2203 236 2264 dies
260 2201 420 2284 legitimas
464 2205 513 2263 est
538 2201 706 2262 transitum
730 2208 836 2262 meum
860 2203 1043 2281 advenerit,
1064 2199 1211 2286 recogni-

100 2288 145 2348 tis
167 2283 293 2367 sigillis,
317 2282 420 2344 inciso
440 2225 529 2362 lino,
553 2293 589 2343 ut
607 2283 701 2366 Legis
724 2281 865 2346 decrerit
880 2287 1061 2364 auctoritas,
1081 2307 1142 2368 per
1156 2285 1211 2344 in-

102 2367 240 2428 lustrem
266 2363 375 2427 virum
397 2365 511 2444 illum,
539 2384 638 2446 quem
658 2367 692 2424 in
714 2363 774 2426 hac
801 2367 918 2449 pagina
941 2367 1122 2430 testamenti
1146 2366 1210 2428 mei

102 2447 295 2532 legatarium
321 2446 464 2524 institui,
486 2449 581 2530 gestis
603 2447 803 2530 reipublicae
830 2449 1080 2532 municipalibus
1105 2449 1212 2511 titulis

104 2531 176 2592 cius
196 2526 422 2626 persecutione
444 2530 483 2590 ab
504 2530 580 2612 ipsis
599 2530 781 2610 muniatur,
804 2531 891 2593 etin
921 2532 1039 2594 archiis
1057 2531 1209 2594 basilicae

103 2614 215 2675 Sancta
244 2612 335 2673 illias
367 2622 586 2675 conservetur.
633 2612 674 2674 Et
694 2612 850 2695 quicquid
881 2635 1146 2697 unumquemque
1169 2613 1209 2676 do
1238 2669 1241 2674 .

103 2697 200 2756 rebus
215 2694 294 2756 meis
310 2695 450 2777 propriis
471 2694 588 2756 habere
603 2693 733 2756 decrevi
747 2695 953 2777 singulariter
974 2697 1007 2758 in
1029 2697 1091 2758 boe
1117 2705 1212 2758 testa·

106 2787 250 2838 mentum
269 2777 377 2836 meam
404 2777 548 2838 inserere
579 2776 699 2838 curari.
754 2779 791 2838 ln
816 2779 944 2860 reliquo
974 2800 1053 2842 vero
1081 2781 1212 2860 quales-

107 2879 236 2940 cunque
258 2868 313 2920 aut
333 2878 546 2940 quaecunque
578 2860 730 2941 epistolae
761 2867 815 2919 aut
836 2869 1024 2921 testamenta
1051 2870 1107 2921 aut
1129 2881 1211 2923 con·-

106 2941 295 3024 scriptioncs
330 2941 368 3000 de
399 2941 633 3006 nominevmeo
659 2963 758 3001 mann
789 2963 860 3002 mea
889 2942 1029 3002 firmatae
1064 2954 1210 3006 ostensae

105 3021 240 3100 fuerint,
265 3031 296 3083 ct
319 3031 390 3083 ante
411 3021 474 3083 hoe
489 3031 711 3084 testamentum
731 3021 946 3105 praenotatae,
967 3045 1045 3105 quas
1067 3021 1121 3084 hic
1143 3044 1209 3084 non

107 3124 406 3182 commemoravero,
423 3114 557 3188 excepto
577 3104 617 3165 de
639 3104 891 3186 ingenuitatibus
911 3126 989 3186 quas
1004 3125 1062 3186 pro
1085 3105 1210 3168 animae

105 3208 196 3248 meae
216 3186 359 3248 remedio
373 3185 438 3246 feci
454 3197 510 3248 aut
523 3185 626 3246 adhuc
637 3187 742 3247 iacere
755 3186 840 3263 volo,
855 3207 973 3246 vacuae
989 3197 1210 3268 permaneant.

104 3269 148 3332 Et
168 3270 257 3352 quod
289 3267 465 3349 unicuique
494 3289 552 3351 per
575 3267 637 3330 hoc
668 3276 893 3329 testamentum
923 3268 1042 3330 dedero
1072 3269 1208 3351 darique

105 3351 238 3430 iussero,
260 3350 294 3412 id
315 3361 353 3412 ut
378 3351 443 3428 fiat,
464 3350 570 3427 detur,
591 3359 780 3432 praestetur,
802 3349 1037 3433 impleatur,te
1059 3353 1209 3436 omnipo-

104 3444 174 3495 tens
194 3435 282 3496 Dens
310 3442 423 3495 testem
450 3432 621 3494 committo.
664 3435 869 3516 Quapropter
896 3454 962 3494 nou
992 3433 1128 3495 habetur
1156 3437 1208 3494 in-

103 3517 267 3598 cognitum
295 3516 405 3596 qualia
432 3515 635 3598 dispensante
661 3517 732 3576 Deo
759 3515 799 3576 ad
825 3515 897 3576 loca
919 3517 1109 3579 Sanctorum
1130 3517 1208 3579 illo-

103 3620 176 3660 rum
198 3599 237 3660 de
257 3598 353 3660 rebus
373 3597 453 3660 meis
472 3597 611 3681 propriis
633 3597 779 3678 delegavi
808 3597 842 3658 in
863 3607 1056 3682 perpetuum
1076 3601 1117 3662 ad
1137 3623 1208 3684 pos·

104 3680 294 3744 sidendum:
329 3682 403 3742 dedi
425 3700 555 3762 quoque
582 3679 623 3740 ad
642 3679 806 3740 basilicam
827 3681 917 3740 illam
936 3681 1101 3763 portiones
1123 3704 1208 3745 meas

105 3762 153 3827 111.
175 3772 207 3824 et
227 3761 315 3845 qnod
336 3763 370 3824 in
393 3762 472 3824 locis
494 3760 707 3824 denominatis
727 3761 846 3824 habere
868 3763 976 3840 video,
997 3763 1032 3824 id
1053 3773 1156 3824 lotum
1177 3777 1210 3828 et

107 3845 147 3906 ad
168 3845 329 3928 integrum
358 3847 398 3906 ad
424 3845 587 3906 basilicam
610 3842 758 3927 saperius
786 3844 981 3904 nominatam
1005 3847 1154 3928 proficiat
1176 3849 1209 3908 in

107 3939 322 4010 augmentum.
374 3928 449 3990 lllas
474 3947 552 3989 vero
574 3929 732 3988 cessiones
754 3949 833 4009 quas
855 3927 895 3987 ad
914 3926 1045 3988 libertos
1066 3950 1152 3990 meos
1174 3931 1212 3991 il-

107 4007 154 4070 los
176 4011 216 4070 ad
235 4011 451 4094 ingenuitates
471 4019 583 4071 eorum
598 4009 830 4077 confirmandas
852 4009 997 4086 fecimus,
1016 4007 1050 4069 id
1072 4020 1146 4072 sunt
1163 4013 1210 4074 111.

109 4102 140 4152 et
158 4092 206 4151 ill.
228 4095 358 4175 quando
380 4094 454 4155 illos
481 4115 540 4175 pro
570 4092 694 4152 animae
724 4099 849 4152 nostrae
880 4092 1024 4152 remedio
1054 4092 1211 4176 ingenuos

108 4172 295 4256 dimisimus,
317 4175 393 4240 dum
414 4176 586 4256 advivunt,
609 4174 748 4238 habeant
769 4181 893 4258 etpost
916 4195 1027 4236 eorum
1047 4176 1212 4241 decessum
