2734 4990
94 281 168 354 400
360 275 380 311 ·’
411 337 414 350 .
557 296 746 353 ronnomn

100 461 145 518 ¹7·
168 438 305 500 Donatio
328 435 370 494 od
396 457 497 495 cusum
520 434 588 498 Dei.
760 444 839 501 sinu
863 448 1045 507 transmittit
1074 447 1116 507 ad
1134 451 1193 513 Ab·

99 524 144 584 18.
166 522 299 582 Pactum
330 517 493 578 divisionis
522 517 611 580 'inter
762 524 869 584 botrin.

169 601 303 684 fratres.
680 605 728 681 24.
757 606 920 672 Indicetes
969 629 1059 690 quem
1106 611 1194 673 Atta

98 682 322 768 19.Vendnto
365 679 409 740 ad
447 681 608 742 Monoste-
719 733 723 742 .
762 690 943 752 transmittit
970 691 1015 752 ad
1040 694 1195 754 hominem

175 786 266 829 rrum.
758 790 934 850 pagensem,

94 871 142 915 20.
163 847 323 909 Precatio.
563 877 565 886 ν
679 849 728 912 25.
754 851 920 912 Indiculus
947 875 1036 936 quem
1067 856 1195 939 Episco-

92 953 141 992 21.
165 927 435 990 Commendatitin.
758 955 818 1015 pus
840 939 1023 996 transmittit
1039 937 1083 998 ud
1092 938 1195 1004 Attae

91 1035 141 1074 22.
163 1010 328 1075 Indiculns
346 1013 543 1096 precatorias
565 1010 610 1072 od
761 1028 831 1075 tem.

173 1094 375 1175 Ei’ssme·
680 1095 728 1162 26.
757 1096 866 1159 Cautio
883 1096 922 1161 dc
937 1096 1131 1182 infracturis,

93 1180 141 1240 25.
165 1173 330 1238 Indiculus
356 1193 446 1256 quem
475 1194 608 1260 praepo.

543 1313 737 1389 ingenuitas.

171 1427 195 1491 1.
239 1427 374 1509 Oportet
388 1425 474 1486 enim
491 1445 753 1508 unumquemque
777 1426 951 1504 hominem,
976 1429 1051 1490 dum
1076 1429 1109 1490 in
1132 1431 1192 1492 hac

90 1509 157 1569 vita
177 1507 258 1570 vivit
276 1531 334 1590 pro
356 1508 478 1568 animae
492 1503 566 1592 suae
586 1509 728 1568 remedio
751 1511 900 1591 cogitare.
942 1511 1066 1572 Idcirco
1083 1535 1140 1594 ego
1157 1515 1191 1573 in

91 1595 161 1654 Deo
184 1591 314 1651 nomine
336 1591 410 1666 ille,
441 1591 619 1671 recogitans
635 1587 694 1671 pro
707 1592 767 1652 Dei
785 1592 906 1652 intuitu
923 1594 975 1668 vel
991 1617 1049 1675 pro
1068 1595 1190 1656 animae

90 1695 179 1734 meae
194 1672 427 1754 redemptione,
449 1683 484 1731 ut
498 1673 535 1730 ab
551 1672 722 1752 impiorum
739 1675 900 1735 consortio
918 1676 988 1734 erui
1003 1699 1191 1756 mereamur,

34 1767 35 1772 ’
91 1755 216 1817 dimitto
240 1777 315 1837 ergo
339 1756 356 1814 is
384 1753 435 1815 die
458 1759 625 1837 praesente
647 1757 855 1816 vernaculum
874 1757 952 1817 iuris
974 1757 1037 1820 mei
1063 1759 1191 1820 nomine

90 1838 184 1897 illum
206 1839 396 1919 ingenuum,
417 1837 450 1896 in
474 1857 511 1896 ea
531 1857 607 1896 vero
628 1838 752 1898 ratione
775 1847 810 1897 ut
831 1837 989 1920 ingenuus
1009 1845 1193 1920 permaneat

90 1931 242 2002 tanquam
270 1919 302 1980 si'
320 1920 359 1979 de
388 1919 470 1979 bene
500 1917 857 2002 ingenuisparentihus
880 1915 992 1980 fuisset
1020 1931 1111 1982 natus
1138 1923 1191 1983 vel

90 2011 287 2084 procreatus:
315 2001 508 2066 ‘Peculiare
535 2021 612 2065 nero
635 2000 667 2060 si·
691 2002 814 2084 aliquid
841 2001 955 2078 habet,
986 2012 1041 2062 aut
1061 2003 1190 2063 inantea

90 2085 236 2144 laborare
261 2083 420 2166 potuerit,
444 2083 477 2141 in
503 2081 649 2144 o'mnibus
672 2083 788 2145 habeat
811 2105 997 2145 concessum
1020 2093 1113 2166 atque
1137 2084 1189 2143 in-

90 2168 232 2236 dultnsn3
274 2175 306 2225 et
338 2163 674 2246 mundeburdem'vel
712 2166 932 2226 defensionem
962 2167 1001 2226 ad
1027 2167 1189 2227 basilicam

90 2248 199 2310 Sancti
228 2247 316 2308 illius
341 2262 373 2307 se
397 2247 513 2307 habere
540 2255 718 2328 cognoscat,
741 2269 807 2307 non
833 2249 871 2308 ad
894 2248 1112 2330 affligendum,
1134 2250 1189 2310 sed

91 2331 131 2391 ad
160 2352 193 2392 se
215 2329 464 2406 defensandum,
497 2328 576 2402 nisi,
606 2338 642 2388 ut
670 2329 825 2406 diximus,
852 2331 935 2391 bene
958 2331 1116 2426 ingenuus
1145 2325 1188 2390 'dc
1254 2328 1256 2332 ’

89 2413 151 2473 hoc
174 2410 354 2493 dissulcat
373 2411 524 2475 residere.
568 2409 601 2470 si
624 2407 803 2492 quis'ver0,
826 2413 914 2492 quod
939 2413 1008 2472 fieri
1033 2434 1097 2473 non
1121 2434 1187 2472 cre·

90 2493 148 2576 dof,
170 2493 197 2554 si
223 2492 338 2565 fuerit,
372 2503 428 2550 aut
459 2513 518 2573 ego
545 2491 630 2573 ipse,
667 2502 721 2551 aut
745 2494 830 2554 ullus
861 2495 899 2554 de
920 2493 1109 2571 heredibus,
1137 2504 1191 2554 aut

90 2577 158 2636 ulla
180 2574 291 2636 emissa
312 2593 459 2654 persona,
487 2593 569 2654 quae
585 2584 694 2636 contra
712 2575 944 2656 ingenuitatem
967 2577 1056 2652 istam
1074 2577 1190 2638 uenire
1240 2613 1244 2618 -

90 2669 145 2718 aut
169 2679 238 2718 eam
266 2657 450 2736 infrangere
476 2657 663 2731 tentaverit,
686 2655 762 2718 fisco
782 2658 973 2718 discutiente
997 2658 1113 2718 solidos
1135 2660 1190 2718 tri·

90 2741 177 2822 ginta
199 2739 318 2798 multae
346 2747 535 2818 componat,
567 2746 599 2797 et
623 2739 711 2818 quod
730 2739 847 2819 repetit
863 2760 922 2821 per
947 2739 1190 2820 nulluminge-

90 2822 181 2881 nium
198 2819 384 2881 evindicare
407 2819 512 2880 valeat
524 2843 532 2889 ;
552 2839 700 2900 praesens
719 2820 901 2900 ingenuitas
922 2831 954 2880 et
973 2843 1092 2883 merces
1120 2843 1190 2884 nos·

88 2914 138 2964 tra
159 2904 248 2962 firma
278 2913 310 2962 et
339 2900 459 2962 stabilis
482 2909 685 2984 parmaneat,
713 2923 786 2962 eum
808 2902 1013 2986 stipulatione
1044 2899 1189 2968 subnixe.

89 2986 205 3047 Actum
227 2985 261 3045 in
284 2984 355 3046 loco
377 2983 445 3044 illo.

472 3117 620 3180 Venditio
641 3117 681 3178 de
710 3140 811 3180 serunt

170 3236 214 3298 Π.
256 3234 396 3296 Domino
425 3233 595 3294 mannifluo
617 3231 708 3292 fratri
733 3233 782 3292 illi
809 3233 966 3316 emptori,
988 3255 1046 3316 ego
1068 3234 1100 3292 in
1126 3231 1188 3294 Dei

90 3320 219 3381 nomine
248 3317 304 3378 ille
334 3315 495 3377 venditor.
544 3318 675 3375 Constat
701 3335 771 3392 me,
793 3338 858 3376 non
888 3315 1074 3396 imaginario
1105 3315 1187 3392 iure,

90 3425 151 3468 nec
187 3401 277 3460 nullo
300 3397 443 3480 cogentis
466 3397 617 3478 irnperio,
651 3398 708 3464 sed
735 3399 865 3480 proprio
896 3396 1068 3458 voluntatis
1098 3419 1187 3457 meae

90 3484 220 3549 arbitrio
247 3481 305 3542 tibi
325 3480 483 3558 vendere,
514 3479 603 3560 quod
622 3479 666 3540 ita
694 3489 726 3540 et
746 3480 889 3556 vendidi,
920 3477 1011 3536 adia
1035 3499 1187 3559 praesen-

89 3578 133 3642 te,
155 3564 366 3626 vernaculum
386 3561 465 3620 iuris
487 3561 550 3621 mei
577 3561 707 3622 nomine
736 3560 847 3634 illum,
877 3580 941 3618 non
969 3560 1089 3637 furem,
1123 3582 1187 3622 non

90 3647 287 3732 fugitivum,
309 3665 370 3704 nee
396 3642 567 3720 cadivum,
598 3663 657 3704 nec
681 3645 785 3704 ullum
808 3640 921 3702 vitium
947 3641 980 3700 in
1009 3663 1041 3702 se
1064 3642 1187 3702 haben-

90 3743 174 3802 tem,
198 3729 253 3790 sed
274 3728 307 3786 in
330 3726 417 3785 omni
440 3746 572 3806 corpore
593 3726 708 3788 seimus
729 3747 801 3784 eum
818 3745 929 3784 sanum
950 3745 1049 3806 usque
1070 3726 1110 3784 ad
1134 3746 1188 3782 an-

92 3837 171 3876 num
192 3821 225 3871 et
244 3810 338 3870 diem.
351 3809 400 3867 'Et
421 3807 528 3889 accepi
548 3809 566 3866 is
585 3817 616 3868 te
640 3809 674 3868 in
689 3806 794 3890 pretio
822 3828 880 3887 pro
901 3805 974 3883 hoe,
997 3809 1085 3875 iusta
1100 3805 1189 3887 quod

92 3897 171 3957 mihi
193 3894 275 3954 bene
302 3889 495 3970 complacuit
519 3890 572 3951 vel
598 3889 769 3966 convenit,
791 3889 909 3950 solidos
936 3897 1059 3963 tantos,
1088 3889 1132 3948 ita
1152 3896 1189 3946 ut

93 3981 130 4041 ab
150 3979 211 4038 hae
235 3974 286 4034 die
309 3979 518 4032 memoratum
536 3973 746 4032 vernaculum
765 3971 909 4052 superius
937 3969 1187 4044 denominatum,

93 4083 189 4145 quem
218 4058 289 4116 elato
313 4054 418 4138 pretio
446 4053 485 4114 de
514 4073 564 4114 me
593 4055 721 4135 legibus
749 4053 957 4136 comparasti,
981 4052 1113 4126 habeas,
1144 4059 1189 4109 te·

95 4165 179 4219 neas,
202 4149 296 4220 atque
325 4133 503 4219 possideas,
532 4146 564 4197 et
587 4136 741 4218 quicquid
760 4136 876 4196 exinde
903 4135 1007 4195 facere
1037 4131 1188 4208 volueris,

94 4228 195 4289 libere
216 4230 248 4284 et
276 4219 451 4283 firmissime
479 4219 512 4279 in
536 4227 591 4280 tua
614 4227 797 4303 permaneat
820 4225 973 4302 potestate
1002 4217 1042 4278 ad
1070 4215 1189 4277 facien·
