2676 4976
510 333 810 396 coenomanicae
1145 320 1218 396 ⁵5³

97 505 201 550 suurn
224 483 268 547 ad
288 485 417 547 domum
436 479 526 560 eius,
547 479 605 562 qui
625 471 797 563 prevideat
815 497 884 540 rena
904 476 949 539 ita
969 479 1049 558 etse,
1069 487 1108 542 ut
1124 477 1219 563 dixit,

98 568 260 652 quamvis
281 569 377 629 modo
397 585 460 625 non
482 563 525 624 sit
545 562 608 624 nisi
636 560 770 646 ficticieq
801 561 892 624 vadit
911 561 1000 624 enim
1020 570 1146 626 tantum
1166 565 1219 629 lo.

99 663 180 724 ras3'
207 650 267 732 qni
296 671 369 713 cum
393 664 540 708 reversus
558 645 679 723 fuerit,
705 653 787 705 tunc
815 653 881 706 trec
906 644 1104 710 estimatores
1128 645 1219 712 iussu

101 733 268 818 praesidis
289 732 404 793 vadant
428 737 681 809 superterram,
712 734 750 802 et,
772 727 922 788 estiment
946 748 1038 806 eam,
1070 731 1219 812 quamvit

104 817 209 877 modo
232 815 273 876 sit
297 813 424 878 ficticic.
465 811 523 873 His
543 809 704 888 reversis,
726 817 805 870 tunc
827 809 942 872 Comes
965 810 1070 889 dicat,
1101 810 1242 877 habeas.

106 898 293 974 licentiam,
315 906 347 958 et
369 894 591 957 auctoritatem
611 891 774 977 publicam
796 891 837 953 ad
855 892 1045 953 venumdare·
1063 892 1141 955 dnm
1161 893 1220 958 ills

41 991 44 997 '
108 982 205 1064 pecie
226 979 264 1040 de
293 987 377 1040 terra
397 979 435 1043 C.
466 986 499 1038 et
518 985 628 1120 qestca
656 975 712 1036 fiat
731 982 817 1038 carta
837 973 1047 1056 venditionis,
1069 983 1106 1039 ut
1125 986 1218 1043 ecte·

111 1083 161 1140 rc,
184 1071 215 1125 et
235 1064 348 1126 Comes
370 1060 477 1132 firmet
497 1059 524 1138 il
537 1079 588 1120 am
617 1067 745 1126 canam.

481 1189 628 1276 Traditio
652 1189 841 1258 libellorum.

187 1311 275 1377 xlv.
317 1311 445 1370 Domne
466 1305 583 1385 Abbas,
611 1306 702 1368 trade
719 1328 780 1390 per
801 1305 888 1368 hano
908 1325 1101 1391 pergamena
1121 1308 1220 1373 libel-

104 1393 187 1457 lario
208 1391 343 1453 nominc
365 1392 404 1452 ad
428 1392 583 1452 Ioannem
603 1409 701 1450 unam
720 1389 809 1474 petia
829 1389 870 1450 de
895 1398 992 1468 terra,
1013 1413 1078 1474 qne
1098 1403 1148 1456 est
1167 1394 1222 1455 iu-

103 1477 150 1540 ris
172 1477 214 1539 de
234 1473 434 1536 monasterio
456 1472 568 1534 Sancti
587 1471 689 1554 Petri,
717 1473 805 1534 unde
826 1480 863 1532 tn
883 1491 917 1534 ee
936 1471 1065 1552 Abhns,
1085 1495 1151 1558 quc
1172 1483 1222 1538 cst

104 1561 140 1621 in
161 1558 221 1621 tali
243 1558 331 1634 loco,
352 1577 416 1638 que
437 1564 487 1616 est
504 1575 564 1638 pro
588 1573 740 1616 mensura
760 1562 903 1631 tantum,
931 1575 995 1637 que
1026 1556 1100 1620 abet
1119 1557 1221 1621 cohe-

103 1641 227 1704 rentias
245 1640 342 1716 tales,
363 1648 402 1700 nt
421 1638 513 1698 abeat
541 1637 610 1721 ipsc
631 1637 771 1700 loannes
802 1638 841 1698 ad
868 1637 979 1699 fictum
1008 1639 1067 1699 sub
1088 1649 1221 1703 centum

103 1723 276 1786 reddendo
296 1721 459 1782 libellario
490 1721 622 1783 nomine
644 1741 746 1802 usque
772 1719 814 1781 ad
835 1739 935 1784 annea
962 1719 1086 1784 XXIX.
1107 1743 1146 1783 ea
1165 1744 1220 1785 ra·
1318 1757 1321 1772 ·

77 1829 81 1836 ·
107 1807 226 1884 cione,
246 1814 283 1866 ut
301 1803 398 1866 faciat
417 1803 502 1886 ipse,
535 1813 567 1863 et
588 1802 638 1864 sni
657 1802 796 1864 heredes
816 1824 918 1886 usqne
939 1803 981 1864 ad
1001 1805 1142 1886 prefatos
1160 1825 1220 1866 an·

109 1911 171 1950 nos
194 1888 357 1970 defringe,
380 1895 412 1950 et
433 1885 472 1946 de
493 1885 602 1948 reditu
623 1885 723 1968 ipsius
743 1895 840 1964 terre,
860 1885 1022 1969 quidquid
1043 1887 1221 1963 voluerint,

109 1971 182 2033 sine
216 1970 301 2031 omni
324 1967 560 2030 contraditione
596 1977 651 2029 tna
678 1977 873 2052 tuorumque
912 1975 1157 2048 successorum,
1187 1978 1222 2030 et
1323 2017 1331 2026 .

106 2053 195 2138 parti
217 2053 314 2135 ipsius
334 2050 529 2129 monasterii,
551 2050 595 2112 ita
615 2059 652 2111 ut
671 2072 730 2132 per
750 2073 825 2112 enm
845 2051 888 2113 sit
906 2053 1082 2130 meliorata,
1104 2062 1138 2114 et
1153 2072 1219 2112 non

104 2136 285 2220 pegmata,
309 2145 341 2198 et
363 2131 547 2218 persolvere
569 2134 709 2196 exinde
735 2133 873 2216 debeant
893 2134 975 2222 ipse,
997 2144 1030 2196 et
1051 2133 1102 2195 sui
1122 2133 1221 2206 here·

106 2221 165 2280 des
187 2217 325 2301 singulis
346 2216 438 2277 annis
458 2237 518 2298 per
538 2237 668 2278 omnem
687 2215 816 2278 Missam
844 2217 954 2278 Sancti
982 2216 1133 2294 Martini,
1164 2224 1222 2278 aut

102 2301 193 2360 iufra
215 2311 282 2362 tres
308 2300 374 2362 dies
397 2309 487 2378 ante,
515 2307 570 2359 aut
594 2307 660 2361 tres
688 2308 798 2380 postea
817 2297 860 2361 X.
882 2299 1031 2362 denarios
1052 2300 1135 2360 sicut
1157 2297 1221 2383 ipsi

103 2383 235 2444 denarii
256 2383 289 2442 in
308 2381 453 2465 predicto
474 2382 668 2442 monasterio
690 2382 923 2464 consignentur
943 2383 1006 2465 ipsi
1027 2381 1143 2462 abbati,
1164 2390 1220 2444 aut

102 2467 170 2528 suis
193 2464 429 2527 suecessoribus
450 2466 502 2526 rel
522 2473 630 2526 vestro
650 2465 764 2542 Misso,
786 2474 840 2526 aut
867 2487 965 2546 snper
991 2466 1090 2528 altare
1117 2465 1220 2550 ipsine

102 2548 295 2610 Monasterii
316 2557 478 2630 ponantur
496 2566 556 2628 per
576 2567 626 2625 se,
656 2556 711 2607 aut
731 2569 790 2629 per
811 2569 884 2611 snos
905 2547 1063 2628 heredes,
1085 2559 1141 2610 aut
1160 2569 1221 2632 per

102 2653 180 2693 suos
202 2629 327 2708 Missos,
357 2630 402 2691 ita
421 2641 459 2691 ut
479 2629 541 2690 alia
561 2650 659 2711 super
679 2629 824 2712 imposita
845 2653 910 2692 non
932 2631 1066 2694 faciatis.
1107 2633 1149 2692 Et
1170 2631 1220 2691 in-

105 2734 206 2794 super
229 2733 346 2796 penam
365 2712 481 2774 mittite
503 2712 665 2774 intervos
686 2711 713 2774 si
733 2735 788 2776 vos
808 2722 882 2775 ante
911 2717 1072 2796 prefatum
1093 2725 1220 2798 tempus

104 2797 226 2856 tollere
254 2794 441 2874 volueritis,
476 2803 531 2854 aut
558 2794 620 2877 ipsi
651 2793 760 2856 laxare
797 2796 954 2873 voluerit,
981 2806 1016 2858 et
1048 2803 1220 2880 componat

103 2897 179 2961 parc
200 2877 283 2959 parti
305 2877 401 2939 fidem
422 2876 570 2940 servandi
595 2897 712 2960 penam
738 2879 861 2962 argenti
892 2877 989 2940 libras
1018 2881 1059 2945 X.
1089 2890 1122 2942 ct
1147 2887 1219 2962 post

103 2983 224 3043 penam
252 2961 388 3022 solutam
409 2960 540 3021 libellus
561 2971 745 3042 permaneat
765 2960 799 3020 in
822 2981 880 3021 sno
901 2961 1022 3040 vigore.
1063 2961 1153 3022 Dicis
1174 2961 1220 3020 ita

103 3043 212 3104 Abbas
228 3045 241 3103 l
260 3043 352 3108 Dico.
387 3044 431 3104 Et
455 3042 534 3104 dicis
563 3052 599 3101 tn
620 3041 663 3101 ita
682 3043 801 3104 Petre?
822 3041 914 3118 Dico.
942 3045 989 3102 Ita
1008 3042 1124 3103 tradite
1145 3061 1218 3125 pars

105 3126 201 3186 alteri
222 3126 385 3187 intervos
406 3125 487 3187 duos
508 3125 636 3186 libellos
657 3123 691 3183 in
714 3144 781 3184 uno
801 3132 915 3184 tenore
938 3131 970 3185 et
989 3123 1068 3186 huic
1090 3124 1131 3186 ad
1144 3124 1220 3187 scri·

102 3207 250 3270 bendum
261 3233 274 3277 ‚·
304 3207 403 3270 dicite
425 3229 483 3273 vos
503 3207 605 3285 ambo,
628 3217 739 3268 om'nes
760 3228 816 3268 vos
838 3227 926 3289 rogo,

489 3337 635 3399 Traditio
650 3337 828 3404 libertatis,

188 3449 263 3519 XV.
305 3453 455 3531 Martine,
475 3453 563 3515 trade
584 3475 644 3536 per
669 3453 754 3515 hanc
781 3475 974 3537 pergamena
1003 3463 1089 3542 carita
1115 3455 1219 3518 liber·

103 3535 191 3614 tatis,
213 3545 246 3596 et
269 3536 477 3598 absolutionis
499 3538 538 3597 ad
560 3537 725 3613 Marcum,
748 3538 888 3619 qualiter
914 3559 1026 3601 servus
1047 3539 1095 3599 tui
1126 3539 1218 3618 iuris,

104 3619 286 3680 ut·am0dc
317 3640 335 3678 a
362 3619 505 3701 presenti
533 3619 586 3680 die
611 3619 652 3680 sit
680 3619 784 3693 liber,
819 3630 852 3683 et
878 3622 1041 3684 absolutus
1068 3624 1107 3684 ab
1129 3623 1218 3684 omni

104 3701 243 3763 vinculo
265 3701 429 3764 servitutis
451 3703 533 3764 insta
555 3702 659 3784 legem
686 3723 746 3783 per
767 3704 872 3766 anime
893 3718 948 3768 tue
970 3707 1161 3784 mercedem,
1185 3715 1218 3766 et

105 3783 208 3845 abead
228 3783 402 3860 licentiam,
427 3793 459 3846 et
480 3791 668 3868 potestatem
690 3785 730 3846 de
753 3797 892 3868 quatuor
910 3787 977 3863 uviis
995 3789 1169 3866 ambulare,
1185 3797 1217 3850 et

105 3865 240 3943 abitare,
263 3867 320 3928 ubi
341 3867 501 3945 voluerit,
533 3875 565 3928 et
587 3887 693 3948 neque
726 3891 743 3927 a
767 3879 811 3945 te,
834 3891 941 3952 neque
962 3871 1064 3932 ateis
1085 3869 1217 3932 heredi·

104 3951 177 4027 bus,
199 3949 302 4010 ullam
323 3950 422 4010 abead
441 3949 695 4032 reprensionem,
716 3971 776 4012 nec
796 3953 896 4011 ullam
916 3953 1136 4013 conditionem
1155 3973 1219 4014 sen

106 4032 230 4110 vitutis,
250 4033 308 4094 sed
332 4032 367 4091 in
396 4042 588 4114 perpetuum
615 4043 800 4114 permaneat
826 4035 860 4093 in
889 4057 945 4096 sna
972 4034 1153 4117 potestatis,
1185 4043 1218 4097 et

103 4135 283 4197 congruam
307 4113 497 4193 libertatem,
518 4113 602 4189 sicut
626 4116 688 4194 illi,
710 4115 823 4197 quiin
845 4117 1025 4198 quadruvio
1047 4116 1081 4176 in
1104 4125 1219 4200 quarta

102 4217 220 4258 manus
241 4197 371 4273 traditi,
402 4206 435 4258 et
454 4206 563 4257 omont
582 4198 660 4259 facti
685 4208 781 4276 sunt,
811 4206 844 4259 et
872 4197 956 4265 sicut
985 4198 1035 4262 illi
1066 4202 1124 4282 qni
1158 4222 1218 4286 per

102 4299 237 4342 manum
252 4279 433 4343 Sacerdotis
450 4279 535 4343 eirca
552 4289 788 4343 sacrosanctum
801 4281 950 4344 altarium
970 4283 1011 4345 ad
1025 4282 1145 4348 liberos
1171 4284 1218 4346 di·
