2734 4990
149 265 221 342 tta
609 281 799 336 ronumae

151 429 268 515 procul
293 423 391 487 dubio
415 423 448 486 in
475 431 603 484 aeterna
628 420 827 484 beatitudine
848 411 1029 486 r‘etribirere
1054 425 1257 492 confidimns.

151 512 258 595 igitur
275 513 447 588 cognoscat
468 505 653 586 magnitudo
671 527 729 565 seu
750 503 872 574 almitas
896 516 998 566 vestra
1028 509 1115 589 quod
1139 531 1196 570 nos
1215 511 1258 570 ad

151 594 342 680 petitionem
362 588 528 668 apostolici
549 587 632 679 Viri,
649 587 735 648 illius
757 586 843 646 urbis
857 586 1026 664 Antistitis,
1049 592 1145 651 talem
1163 613 1259 672 prop·

151 687 203 738 ter
233 694 348 736 nomen
376 670 528 746 Domini,
552 690 620 730 eius
643 669 763 729 meritis
788 670 1071 750 compellentibus,
1099 673 1259 732 benefici·
1364 710 1365 750 ᾗ

153 781 208 819 um
231 752 423 839 praestitisse
446 751 629 833 cognoscito
651 763 687 812 ut
711 751 897 832 ubicunque
923 754 1007 812 infra
1029 775 1164 836 regnum
1188 777 1261 814 nos·

152 849 239 905 trum
260 835 349 898 Missi
372 835 421 894 sui
445 855 586 894 mercare
608 833 773 908 videntur,
797 835 849 894 vel
875 855 932 914 pro
963 835 1090 917 reliqua
1121 837 1260 896 necessi·
1357 894 1361 903 ,

152 931 216 984 tate
241 919 441 992 discurrunt,
461 916 588 975 nullum
606 917 770 976 teloneum
792 937 852 976 neo
869 917 1045 996 quamlibet
1063 919 1260 980 redhibitio-

151 1025 228 1066 nem
252 1000 370 1062 exinde
396 1000 435 1058 ad
458 1005 589 1080 partem.
603 999 670 1058 fisci
686 997 801 1058 ·n0stri
826 1020 886 1058 nec
913 999 980 1080 ipse
1007 1022 1066 1061 nec
1089 1002 1177 1061 Missi
1206 999 1258 1060 sui

152 1087 278 1150 solvere
304 1103 370 1141 non
391 1081 537 1144 debeant.
557 1079 729 1162 Pro'pterea
743 1083 808 1161 'per
826 1092 1026 1162 praesentem
1047 1085 1260 1164 Praeceptum
1365 1140 1366 1143 ,

153 1166 358 1231 decernimus
384 1162 471 1243 quod
491 1163 721 1244 perpetualiter
741 1185 925 1223 mansurum
944 1185 1010 1224 esse
1039 1166 1197 1241 volumus,
1221 1173 1260 1224 ut
1360 1197 1366 1238 t

154 1252 284 1312 nullum
307 1247 474 1306 teloneum
501 1245 534 1303 in
567 1245 664 1305 nullis
691 1245 873 1306 civitatibus
904 1247 1071 1328 autpugis
1105 1247 1260 1310 relabi·
1364 1269 1366 1296 τ

155 1353 285 1412 cunque
311 1329 346 1390 in
373 1349 473 1408 regno
501 1335 608 1386 nostro
635 1327 782 1388 teloneus
812 1328 967 1408 exigitur,
993 1350 1054 1389 nee
1082 1330 1121 1390 de
1152 1329 1261 1389 navali
1364 1371 1365 1376 κ

155 1437 218 1476 nec
247 1415 285 1473 de
309 1409 423 1476 carrali
446 1409 635 1485 evectione,
658 1430 718 1468 nec
746 1411 785 1468 de
811 1411 968 1486 rotatico,
1001 1433 1061 1471 nec
1083 1414 1123 1472 de
1150 1422 1263 1494 ponta·
1364 1408 1365 1464 ζ

156 1499 233 1573 tico,
257 1515 316 1555 nec
337 1491 555 1573 pulveratico,
578 1512 638 1551 nec
661 1491 840 1568 saltuatico,
874 1515 933 1554 nec
960 1493 1165 1576 cespitatico,
1198 1514 1263 1552 nec

157 1581 197 1642 de
226 1575 408 1651 saumariis,
431 1595 490 1634 nec
514 1572 553 1632 tle
576 1594 613 1632 eo
639 1574 726 1653 quod
753 1571 896 1635 homines
924 1596 1035 1636 eorum
1066 1576 1106 1636 ad
1132 1567 1264 1644 dorsum

156 1667 296 1746 portant,
320 1678 382 1716 neo
406 1655 497 1732 nulla
517 1655 753 1729 redhibitione,
776 1677 871 1736 quarn
897 1657 990 1718 fiscus
1013 1669 1122 1718 noster
1142 1658 1262 1718 exinde
1358 1698 1362 1719 .

158 1761 287 1826 sperare
304 1748 440 1821 poterat,
464 1759 525 1797 nec
550 1759 607 1796 vos
633 1758 691 1796 nec
712 1737 855 1798 iuniores
873 1748 927 1801 aut
944 1761 1140 1800 successoros
1165 1739 1265 1799 vestri

161 1847 226 1886 non
255 1821 425 1908 requiratis
452 1841 510 1879 nec
535 1820 688 1900 exigatis;
721 1819 777 1879 sed
804 1821 909 1880 omnia
931 1832 963 1881 et
980 1822 1013 1882 in
1036 1821 1182 1882 omnibus
1200 1821 1265 1882 hoc

158 1914 292 1989 propter
318 1923 435 1962 nomen
463 1902 595 1962 Domini
626 1895 692 1981 ipse
719 1903 870 1962 Pontifex
900 1903 953 1963 rel
989 1925 1189 1964 successores
1214 1904 1266 1963 sui
1358 1902 1365 1957 :a

161 1999 217 2048 aut
239 1991 412 2045 memorata
436 1983 579 2044 Ecclesia
603 1983 711 2044 Sancti
738 1982 824 2046 illius
848 1973 987 2046 habeant
1010 1986 1189 2063 indultum,
1212 1987 1266 2045 vel
1360 2000 1364 2015 ¹

118 2128 122 2136 ,
161 2071 197 2128 in
225 2066 438 2152 luminaribus
465 2065 564 2146 ipsius
591 2065 653 2126 loci
678 2066 832 2146 proficiat.
875 2070 965 2144 Quae
994 2087 1069 2128 vero
1095 2067 1266 2129 auctoritas

108 2189 126 2212 .›
162 2161 202 2212 ut,
221 2148 383 2243 perpetuis
403 2147 598 2228 temporibus
625 2149 740 2226 valeat,
760 2149 890 2232 propria
911 2171 980 2213 eam
997 2170 1095 2210 manu
1113 2150 1198 2210 inira
1214 2151 1268 2212 de·

68 2263 71 2270 ·
165 2253 323 2296 crevimus
341 2227 503 2295 roborare.

535 2359 679 2446 Epistola
711 2358 901 2456 adortationis.

211 2471 212 2478 ἵ
247 2474 341 2540 XllI.
382 2475 497 2537 Mundi
523 2477 697 2536 terminum
722 2477 827 2538 ruinis
853 2478 1127 2540 crebrescentibus
1152 2479 1270 2559 adpro-

165 2562 324 2650 pinquare
346 2557 466 2620 indicia
493 2567 579 2619 certa
601 2560 814 2639 manifestant,
837 2572 897 2628 etc.
918 2575 952 2622 ut
970 2584 1066 2650 supra
1083 2583 1155 2644 pag.
1179 2561 1250 2624 315.

596 2687 670 2747 Atia
704 2687 845 2754 donatio.
883 2674 886 2682 ⁴
973 2743 976 2750 ,

251 2805 345 2871 XIV.
385 2804 456 2886 Ego
482 2803 539 2865 ille
568 2802 608 2862 de
632 2802 849 2867 misericordia
871 2805 933 2866 Dei
964 2817 997 2868 et
1025 2806 1144 2888 pietate
1169 2804 1272 2866 conti-

170 2911 243 2967 sus,
266 2910 325 2972 per
350 2887 435 2946 hanc
463 2885 628 2967 epistolam
650 2885 831 2948 donationis
852 2889 960 2948 datum
988 2889 1205 2969 donatumque
1238 2887 1271 2943 in

170 2983 364 3056 perpetuum
390 2989 458 3030 esse
482 2968 566 3030 volo
584 2968 624 3027 ad
643 2967 807 3027 basilicam
832 2971 940 3029 Sancti
964 2969 1073 3047 illius,
1096 2971 1152 3028 ubi
1174 2967 1273 3049 ipsius
1365 2976 1366 2995 ³

170 3055 347 3138 pretiosum
378 3072 494 3132 corpus
520 3051 710 3130 requiescit,
739 3059 771 3110 et
802 3052 993 3114 venerabilis
1016 3054 1068 3116 vir
1094 3053 1151 3112 illc
1183 3049 1273 3112 Abba
1366 3104 1367 3117 ,

171 3148 319 3222 praeesse
341 3133 487 3210 videtur,
514 3141 635 3224 etcut
652 3153 748 3216 supra
764 3153 834 3216 pag.
860 3135 930 3212 574.

393 3263 532 3323 Donatio
555 3259 594 3320 de
615 3282 719 3345 paruo
741 3281 775 3320 re
800 3261 845 3322 ad
867 3249 1048 3326 Ecclesiam.

174 3434 177 3444 .
254 3381 329 3448 XV.
372 3379 407 3440 si
439 3377 565 3458 aliquid
597 3377 637 3437 de
669 3377 765 3438 rebus
801 3375 916 3438 nostris
949 3377 1028 3439 locis
1063 3377 1278 3458 Sanctorum,

165 3475 235 3528 etc.
268 3479 302 3526 ut
327 3482 424 3546 supra
446 3482 518 3542 pag.
548 3461 619 3526 518.
983 3458 987 3466 '

378 3591 482 3652 Cassio
506 3615 526 3650 o
557 3589 609 3650 dre
631 3604 795 3675 praesente
827 3593 872 3652 od
888 3592 1072 3657 Ecclesium.

255 3705 349 3774 XVl.
389 3709 476 3767 Dum
501 3705 653 3787 fragilitas
674 3707 805 3768 humani
830 3709 955 3790 generis
977 3707 1172 3788 pertimescit
1199 3707 1279 3769 ulti-

176 3791 370 3858 mum-vitae
391 3799 534 3872 tempus,
563 3799 624 3855 etc.
651 3805 686 3850 ut
707 3813 802 3875 supra
820 3795 892 3875 pag.
922 3792 992 3852 516.

505 3971 508 3978 .
561 3903 567 3915 ¹
586 3923 666 3979 Item
689 3918 753 3978 alia
779 3921 887 3980 cessio.

259 4032 375 4100 XVll„
406 4033 475 4114 Ego
496 4032 552 4109 ille
581 4032 725 4114 cogitans
750 4032 812 4092 Dei
834 4055 973 4094 amorem
996 4034 1049 4095 vel
1075 4044 1283 4096 aeternorum

179 4125 337 4184 bonorum
364 4116 618 4192 retributionem,
652 4115 725 4174 ideo
755 4115 834 4174 cedo
860 4117 875 4174 d
903 4117 954 4176 die
981 4127 1147 4198 praesente
1172 4117 1213 4177 ad
1228 4139 1284 4176 sn-

181 4205 355 4288 pradictam
375 4199 538 4260 basilicam
564 4207 596 4258 et
626 4197 799 4260 Monachos
824 4198 943 4260 ibidem
970 4199 1180 4286 consistentes
1212 4221 1285 4260 ces-
