2676 4976
91 1511 465 1697 Fossiones
535 1525 1162 1699 toneoeonnm'sn

73 1787 169 1876 Quas
193 1809 234 1857 ex
265 1786 421 1878 antiqno
461 1783 597 1858 Codice
624 1785 833 1872 Veronensi
858 1789 1028 1884 primum
1052 1794 1168 1868 edidit

251 1909 487 1981 clarissimus
511 1912 574 1984 vir
596 1913 749 1984 raum
768 1912 962 1986 Continui.

368 2285 512 2374 Qualiter
542 2299 630 2348 carto
656 2287 850 2348 ostendatur.

136 2402 159 2462 I.
198 2398 342 2462 Domine
364 2401 499 2478 Comes,
526 2408 658 2482 propter
686 2400 751 2462 hoe
778 2400 920 2463 ostendit
943 2404 1058 2467 Petrus
1081 2404 1165 2469 hone

67 2491 172 2545 cartam
196 2483 415 2560 venditionis2
431 2481 488 2565 qui
511 2503 575 2543 non
602 2482 645 2544 sit
666 2483 777 2561 silens,
797 2493 830 2546 et
850 2484 932 2563 abet,
955 2496 987 2547 et
1007 2497 1097 2550 tenet
1114 2511 1165 2552 res

65 2566 138 2643 illas,
161 2587 243 2648 qnae
270 2566 427 2648 leguntur
449 2566 483 2625 in
508 2564 568 2626 hae
594 2573 714 2626 certas
734 2587 823 2628 snam
847 2568 1082 2650 proprietatem.
1124 2574 1166 2636 Et

66 2650 87 2710 si
106 2648 216 2731 aliquis
240 2649 342 2710 homo
367 2657 424 2725 est,
447 2645 505 2730 qui
533 2647 610 2710 inde
636 2648 759 2732 aliquid
783 2650 856 2710 vult
880 2651 1007 2731 dicere,
1035 2664 1164 2737 paratus

66 2741 108 2792 est
125 2753 194 2802 cnm
214 2753 254 2794 eo
281 2743 365 2793 stare
386 2731 426 2792 ed
446 2729 614 2809 rationem,
636 2740 678 2808 et,
703 2731 792 2815 qnod
812 2733 885 2814 plus
907 2743 964 2812 est,
986 2736 1110 2816 querit,
1134 2747 1165 2800 et

65 2812 221 2893 hocvnlt,
251 2823 293 2884 nt
318 2813 404 2874 dicat
436 2813 613 2891 Iohannes,
646 2814 704 2894 qui
732 2824 779 2876 est
806 2813 862 2876 hic
889 2817 930 2878 ad
953 2838 1108 2900 presens,
1137 2821 1165 2881 si

66 2899 215 2959 cortailta
235 2895 449 2959 ¹venditionis
473 2896 613 2957 bonnet
642 2919 718 2956 vere
744 2903 811 2968 est;
841 2898 896 2959 rel
920 2897 947 2958 si
981 2899 1038 2960 ille
1068 2920 1165 2982 roga-

64 2979 106 3040 vit
122 3003 186 3042 eam
212 2979 287 3042 fieri
313 2988 345 3046 et
369 2978 503 3050 firmari;
529 2977 584 3040 vel
608 2978 635 3040 si
657 2999 729 3057 res,
755 2975 833 3059 que'
847 2977 1002 3060 leguntur
1021 2967 1165 3044 in'certa

64 3061 114 3122 illa
134 3061 330 3143 „venditionis
358 3062 487 3144 proprie
506 3061 574 3124 sint
597 3079 653 3122 sue
680 3058 791 3137 Petri,
818 3069 896 3136 snt,
925 3071 958 3121 et
984 3062 1011 3122 si
1033 3063 1093 3122 sibi
1117 3066 1165 3125 10-

63 3141 155 3206 hanni
175 3146 344 3228 pertinent
372 3143 411 3206 od
438 3143 633 3220 habendum,
656 3149 689 3204 et
708 3139 962 3223 requirendum,
992 3155 1049 3205 aut
1076 3166 1164 3224 non,

65 3236 92 3286 et
105 3229 129 3289 si
142 3229 214 3290 abet
234 3226 403 3309 scripturn,
426 3227 477 3288 vei
501 3226 647 3287 firmitate
663 3224 814 3306 aliquem,
829 3225 917 3306 quod
934 3225 1010 3286 inde
1028 3226 1164 3308 parabo-

64 3309 122 3372 lare
149 3311 249 3394 possit
272 3321 325 3370 ant
353 3331 430 3370 non.
476 3309 566 3370 Dicis
596 3308 641 3368 ita
668 3309 791 3370 Petrei
831 3307 884 3369 Sic
911 3308 1008 3373 facio.
1055 3310 1097 3370 Et
1126 3320 1164 3370 tu

64 3390 192 3456 Ioannes
218 3394 301 3476 quid
321 3393 425 3454 dicis?
468 3391 559 3470 Quid
585 3389 688 3452 debeo
710 3389 842 3452 dicere?
882 3391 950 3451 Hoc
977 3391 1053 3467 dic,
1076 3394 1164 3473 quod

65 3476 215 3537 cartailla
238 3474 436 3540 venditionis
457 3475 553 3552 bona,
575 3483 608 3534 et
628 3493 704 3535 vera
726 3481 784 3539 est.
825 3472 879 3534 Sic
902 3483 958 3540 est.
1000 3475 1042 3534 Et
1062 3484 1164 3536 turo-

66 3559 137 3639 gasti
163 3579 232 3620 eam
245 3557 325 3637 ¹{ieri
345 3568 377 3619 et
397 3556 527 3622 firmari.
566 3556 609 3617 Et
631 3555 677 3618 sio
697 3555 771 3618 feci.
811 3555 855 3617 Et
880 3557 937 3618 ille
955 3577 1012 3618 -res
1034 3578 1101 3638 que
1120 3560 1166 3619 le·

66 3650 178 3722 guntur
203 3643 239 3702 in
259 3642 316 3702 itta
330 3651 417 3703 certa
437 3638 635 3704 venditionis
651 3659 708 3699 sne
729 3637 961 3722 propriesnnt.
1004 3640 1057 3700 Sic
1078 3649 1164 3720 sunt,

67 3733 174 3786 etesse
196 3724 325 3790 debent.
368 3725 451 3786 Cum
468 3723 550 3806 lege.
591 3721 792 3782 Sicdebent.
838 3721 905 3783 Nee
923 3722 982 3784 tibi
1001 3724 1166 3804 pertinent

67 3806 102 3866 ad
120 3807 319 3885 habendum,
350 3815 382 3868 et
405 3804 649 3888 requirendum.
691 3805 766 3868 Non
796 3803 930 3865 faciunt.
970 3805 1037 3866 Nec
1064 3805 1166 3866 firmi-

67 3896 155 3950 tatem
176 3891 284 3965 habes,
306 3889 394 3970 qnod
419 3889 495 3950 inde
515 3887 700 3970 parabolare
724 3885 834 3967 possis.
874 3887 946 3949 Non
971 3885 1059 3946 abeo.
1101 3887 1166 3948 Sed

69 3969 143 4033 sient
164 3974 286 4036 dictum
305 3971 414 4050 hahes,
439 3993 496 4033 sue
522 3970 651 4052 proprie
672 3978 759 4044 sunt,
791 3977 823 4028 et
851 3990 918 4031 esse
947 3967 1065 4030 dehent
1091 3991 1165 4030 cnm

70 4052 144 4137 lege,
185 4057 239 4118 Sic
263 4065 348 4119 sunt.
390 4056 465 4136 Qua
486 4055 556 4136 lege
583 4051 682 4114 vivis?
717 4047 942 4134 Longobarda.
985 4052 1081 4112 Modo
1108 4074 1165 4112 ex-

70 4139 170 4216 ponde
195 4148 236 4203 te.
276 4139 311 4198 Si
335 4159 478 4221 unquam
501 4136 534 4194 in
559 4144 702 4215 ternpore
730 4141 784 4209 tu,
816 4142 871 4194 ant
892 4132 970 4209 filii,
998 4133 1051 4195 vel
1074 4134 1164 4207 filie,

72 4227 100 4278 et
117 4220 251 4284 heredes
273 4231 384 4284 contra
409 4223 561 4297 Petrum,
584 4225 638 4278 ant
665 4237 738 4278 snos
762 4214 916 4295 heredes,
946 4224 1001 4278 ent
1027 4217 1081 4281 cui
1104 4218 1166 4301 ipsi
