2676 4976
518 303 716 356 nasamone
826 365 830 408 Ι
1087 297 1157 368 525

68 440 210 526 quiequid
224 439 429 498 baereditatis
449 439 481 498 in
503 441 634 523 Arguna
653 441 818 522 possideo,
845 445 909 507 hoc
929 452 1024 512 estin
1049 453 1107 515 illo
1127 466 1159 518 et

70 530 121 586 illo
142 528 223 598 loco,
245 541 281 581 ea
302 522 488 582 conditione
513 533 547 581 ut
569 546 627 604 ego
651 525 726 583 inde
749 524 830 588 duos
852 529 1000 594 denarios
1023 537 1159 617 singulis

72 607 153 668 annis
167 608 242 666 vitae
258 624 349 662 meae
367 605 405 663 ad
422 605 524 685 ipsum
539 606 767 665 lllonastcrium
780 611 979 691 persolvam.
1013 619 1055 679 Et
1073 622 1159 683 fitius

71 713 171 766 meus,
190 688 259 762 lllc,
282 695 314 746 et
337 686 408 746 eius
432 688 573 768 legitime
599 691 758 768 procreati
780 694 906 752 easdem
927 719 979 759 res
997 700 1078 761 intra
1102 726 1159 764 sex

74 781 237 852 annospost
252 769 376 827 obitum
393 792 501 829 meum
522 773 633 830 decem
656 771 746 832 libris
769 773 801 832 in
827 797 891 856 arg.
909 789 942 840 et
961 804 1038 844 auro
1059 807 1158 868 puro,

74 879 91 915 a
107 875 188 937 supra
200 852 276 912 dicto
296 852 496 914 Monastcrio
510 855 734 913 redemerunt.
777 859 873 933 Quod
888 860 914 919 si
930 875 1057 943 paetum
1070 870 1159 949 quod

75 961 140 1000 eum
159 936 196 996 eis
214 934 349 1015 placitus
378 957 448 994 sum
470 936 730 996 confirmaverint
755 948 787 998 et
811 940 1033 1025 impleverint,
1056 961 1162 1032 potest

76 1021 171 1081 eadem
187 1017 386 1098 redemptio,
409 1017 505 1077 etiam
524 1039 574 1076 me
598 1018 751 1098 vivente,
772 1021 798 1082 si
825 1023 866 1081 ita
894 1027 973 1086 mihi
999 1043 1030 1090 et
1049 1034 1159 1097 amicis

74 1103 141 1163 meis
155 1099 397 1180 complacuerit,
421 1099 514 1160 fieri.
557 1101 680 1176 Quodsi
703 1102 737 1160 in
761 1104 870 1185 aliquo
892 1112 1050 1190 pactionis
1069 1138 1159 1178 meae

75 1182 202 1246 contrarii
221 1183 370 1258 fuerint,
394 1203 453 1264 ego
479 1182 633 1268 derebus
658 1185 736 1245 meis
759 1188 947 1252 ordinandis
971 1207 1160 1276 potestatem

70 1267 195 1330 babeam.
235 1264 292 1324 Sic
319 1275 429 1325 autem
460 1263 541 1325 haee
571 1265 677 1324 omnia
701 1267 808 1345 trado,
831 1281 867 1330 ut
895 1288 1010 1336 cuncta
1034 1291 1067 1341 et
1089 1281 1158 1344 filio

68 1369 145 1424 meo,
165 1346 236 1424 llli,
260 1356 293 1407 et
311 1347 383 1408 eius
400 1345 630 1428 procreationi,
655 1358 687 1407 et
704 1351 897 1414 Monasterio
916 1361 1103 1442 proficiant,
1123 1366 1159 1426 in

67 1430 158 1513 agris,
185 1429 302 1511 pratis,
343 1429 462 1511 sylvis,
493 1429 605 1509 aquis,
640 1452 860 1513 aquarumque
890 1437 1098 1524 decursibus,
1126 1458 1160 1510 et

62 1513 194 1574 omnibus
217 1508 377 1572 aedificiis
404 1532 440 1570 ae
460 1511 628 1593 mancipiis
659 1525 755 1593 atque
776 1517 924 1578 universa
947 1528 1159 1606 supellectilig

64 1595 117 1656 nisi
137 1604 255 1654 tantum
279 1595 371 1674 quod
388 1593 548 1673 mancipia
569 1616 650 1674 quae
674 1596 792 1677 iugiter
813 1599 846 1658 in
872 1603 965 1665 domo
986 1631 1056 1668 mea
1078 1635 1159 1673 eon-

63 1679 184 1754 sistunt,
207 1677 346 1736 etmihi
370 1674 551 1758 specialiter
570 1677 713 1736 serviunt
735 1690 824 1739 extra
848 1682 931 1746 bane
953 1692 1158 1756 traditionem

60 1761 231 1840 relinquere
247 1760 401 1836 decrevi,
424 1758 527 1819 donee
548 1759 628 1818 mihi
645 1763 803 1822 Dominus
821 1764 984 1832 insinuare
1008 1773 1157 1856 dignatus

62 1842 147 1902 fuerit
162 1843 249 1923 quod
268 1843 308 1902 de
331 1841 399 1916 his,
422 1841 599 1903 seeundum
618 1864 707 1902 suam
723 1846 921 1910 voluntatem
941 1863 972 1912 et
986 1859 1159 1920 utilitatem

61 1946 149 1983 meam
166 1927 273 1984 lacere
296 1925 449 1984 debeam.
491 1923 525 1984 si
545 1925 617 2004 quis
644 1946 722 1986 vero
736 1938 847 1988 contra
866 1930 949 1994 hanc
967 1949 1084 1999 cartam
1101 1963 1158 2025 po.

60 2005 192 2068 testativa
209 2029 311 2066 manu
331 2017 492 2088 peractam
512 2006 643 2082 venire,
666 2018 719 2067 aut
740 2031 809 2070 eam
828 2012 1005 2097 irrumpere
1022 2034 1156 2088 conatus

60 2089 166 2166 fuerit,
190 2091 229 2149 ad
245 2089 360 2150 fiscum
379 2089 476 2171 Regis
500 2089 570 2148 auri
590 2089 700 2150 uncias
715 2101 798 2170 tres,
819 2100 944 2174 argenti
966 2102 1061 2166 libras
1082 2117 1156 2169 octo

59 2180 174 2232 coaetus
192 2174 379 2254 persolvat,
402 2182 433 2232 et
450 2171 528 2231 baec
549 2181 635 2232 carta
651 2172 863 2238 nihilominus
879 2179 968 2242 firma
985 2196 1016 2246 et
1034 2189 1156 2254 stabilis

61 2263 246 2335 permaneat.
291 2257 382 2315 Haec
400 2254 530 2314 traditio
547 2254 686 2335 primum
705 2257 821 2337 placita
835 2271 866 2320 et
885 2265 967 2325 facta
985 2271 1079 2330 estin
1099 2272 1157 2334 illa

60 2337 129 2398 feria
148 2337 220 2397 lttt.
242 2339 321 2400 Vll.
340 2336 478 2397 Kalend.
505 2337 654 2399 Octobris
679 2359 784 2398 coram
804 2343 845 2407 N.
865 2347 991 2410 seniore
1011 2355 1154 2435 Gemite,

62 2429 87 2480 et
106 2417 293 2500 subscriptis
317 2419 507 2480 Proceri-bus
528 2441 564 2480 ac
583 2420 741 2497 Plebeiis,
764 2432 860 2506 atque
879 2428 1025 2493 roborata
1048 2446 1096 2498 est
1119 2438 1158 2501 iu

62 2502 107 2561 illa
129 2501 183 2562 VI.
208 2503 262 2563 die
297 2501 430 2566 Kalend.
453 2503 627 2562 earundem
648 2502 702 2564 Tr.
730 2505 785 2566 VI.
808 2529 915 2570 coram
943 2514 1004 2576 lllo
1029 2521 1153 2583 effluite

61 2583 172 2646 iuniore
199 2594 230 2646 et
254 2584 467 2644 multitudine
497 2604 667 2665 procerum
702 2607 738 2646 ac
768 2593 991 2674 popularium,
1015 2621 1155 2680 quorum

61 2665 105 2727 laic
119 2667 208 2749 pauci
225 2667 401 2730 admodum
421 2675 496 2727 sunt
515 2667 673 2728 adnotati.
716 2669 852 2752 Signum
869 2678 907 2741 N.
926 2687 956 2739 et
971 2681 1155 2750 Advocatus

62 2748 119 2810 cios
130 2751 166 2810 N.
184 2751 241 2833 qui
264 2749 349 2808 hane
367 2748 572 2809 traditionem
594 2749 664 2809 lieri
696 2751 860 2816 iusserunt
881 2768 913 2818 et
930 2763 1156 2832 decreverunt,

61 2830 118 2912 Ego
129 2833 234 2914 itaque
254 2833 294 2897 N.
315 2831 423 2892 notavi
441 2832 639 2915 supradictos
656 2833 744 2912 dies,
766 2859 886 2899 annum
900 2844 938 2909 N.
958 2847 1054 2929 Regis
1076 2852 1157 2913 Pris.

61 2913 122 2972 simi
140 2916 210 2977 Vll.
227 2915 399 2978 Comitem.

131 2997 171 3062 ll.
191 2996 399 3079 Complaeuit
415 2995 493 3056 milri
511 2997 542 3061 S.
557 2998 717 3081 Episcopo
741 3008 772 3060 et
785 3001 900 3064 Abbati
920 3009 1107 3074 Monasterii
1122 3017 1154 3082 S.

63 3079 217 3143 autres
246 3101 326 3160 quas
347 3079 438 3139 nobis
460 3081 497 3138 N.
521 3081 654 3140 tradidit
679 3103 752 3141 cum
777 3104 934 3150 censensu
961 3091 1097 3156 fratrum
1122 3109 1156 3162 et
1204 3165 1212 3178 ‚

62 3181 147 3221 manu
167 3161 327 3240 Advocati
356 3162 455 3222 nostri
474 3161 511 3226 N.
538 3162 600 3222 hoc
627 3161 657 3222 ei
679 3176 965 3245 repraestaremus.
1008 3177 1157 3241 Tradidit

63 3253 155 3304 autem
181 3245 276 3306 nobis
297 3245 409 3304 eadem
437 3245 474 3308 N.
503 3243 658 3326 quicquid
681 3245 887 3312 haereditatis
911 3254 943 3312 in
964 3256 1095 3338 Arguna
1119 3263 1155 3322 in

62 3324 188 3387 Australi
206 3339 298 3410 parte
317 3325 487 3408 Aquilonis
507 3327 657 3408 Argunae
678 3331 838 3409 possedit.
881 3336 969 3396 Idem
992 3339 1025 3400 in
1049 3342 1109 3404 isto
1124 3355 1158 3407 et

65 3406 115 3468 isto
133 3411 220 3486 loeo,
247 3432 282 3469 ea
304 3409 510 3484 conditione,
533 3419 569 3468 ut
591 3409 658 3489 ipsa
678 3413 754 3472 inde
776 3413 856 3477 duos
875 3417 1022 3484 denarios
1042 3423 1154 3508 singu·

64 3488 97 3548 lis
112 3493 200 3552 annis
223 3492 306 3552 vitae
328 3513 402 3551 suae
427 3491 592 3572 adipsum
615 3493 645 3556 S.
669 3495 707 3553 G.
731 3495 958 3562 Monasterium
982 3508 1156 3586 persolvat.

63 3570 97 3630 Et
111 3573 191 3636 filius
207 3574 297 3635 illics
311 3575 347 3638 N.
367 3574 483 3634 eteius
502 3573 637 3656 legitimi
658 3581 834 3658 procreati,
857 3585 983 3646 easdem
1002 3609 1052 3650 res
1071 3590 1156 3654 intra

65 3673 112 3714 sex
131 3678 229 3717 annos
254 3666 325 3739 post
341 3654 462 3715 obitum
482 3656 579 3738 ipsius
601 3659 637 3718 R.
659 3658 701 3718 X.
719 3659 810 3723 libris
824 3663 856 3723 in
878 3679 1010 3750 argento
1027 3683 1059 3734 et
1076 3697 1155 3736 auro

64 3757 135 3815 puro
155 3741 172 3799 d
192 3739 374 3821 supradicto
405 3739 598 3798 Monasterio
629 3741 805 3811 redimant.
848 3749 945 3824 Quod
973 3753 998 3813 si
1025 3767 1155 3837 paetum

66 3821 142 3894 quod
160 3843 233 3882 cum
250 3821 294 3882 eis
315 3821 401 3881 idem
418 3821 455 3880 N.
475 3831 508 3880 et
525 3824 746 3903 procreatione
765 3826 835 3888 eius
855 3831 971 3910 placita
990 3846 1056 3915 est,
1079 3862 1155 3901 eon-

66 3898 249 3966 firmaverint
261 3913 293 3964 et
308 3903 529 3986 impleverint,
552 3913 654 3982 potest
668 3907 779 3968 eadem
797 3911 993 3995 redemptio,
1016 3919 1083 4002 ipsa
1103 3923 1154 3983 vi-

66 3993 169 4063 rente,
191 3987 216 4048 si
227 3987 269 4046 ita
288 3986 348 4067 ipsi
367 3987 404 4049 N.
423 3995 455 4044 et
468 3986 575 4046 amieis
596 3987 664 4047 eius
680 3990 926 4071 complacuerit,
950 3995 1035 4066 fieri.
1057 4005 1154 4081 Quod

67 4063 89 4122 si
110 4066 140 4126 in
164 4069 273 4150 aliquo
290 4067 430 4150 pactioni
452 4067 551 4148 ipsius
574 4071 727 4130 contrarii
748 4073 886 4151 fuerint,
909 4075 976 4158 ipsa
993 4077 1038 4144 ‘de
1057 4087 1153 4147 rebus

65 4146 122 4210 suis
140 4151 325 4214 ordinandis
344 4159 530 4232 potestatem
555 4149 686 4232 babeat.
728 4154 783 4215 Sie
809 4159 1012 4237 autem-haee
1037 4179 1153 4230 cuncta

67 4229 203 4314 tradidit,
229 4245 264 4298 ct
281 4234 388 4297 omnia
410 4242 441 4296 ct
460 4232 527 4296 fillo
545 4234 644 4317 ipsius
668 4235 705 4298 N.
724 4245 758 4299 et
779 4237 851 4301 eius·
867 4248 1099 4328 procreationi,
1122 4263 1154 4313 et
