2676 4976
166 280 254 372 520·
350 327 354 334 -
613 292 802 363 ronanam

164 436 253 521 quod
273 431 489 520 placiditatem
509 440 644 494 vestram
667 429 796 492 turbare
819 429 942 510 valeat,
963 433 1089 496 auribus
1111 435 1231 500 dulcedi·
1313 384 1314 461 l

164 522 215 582 nis
235 529 357 582 vestrae
381 513 555 595 aliquando
577 515 723 595 ingerere
746 533 923 596 praesumo.
963 515 1027 576 Sed
1052 516 1124 597 qnia
1141 521 1233 584 melius

163 609 264 664 estut
286 607 388 659 errata
405 595 522 677 Populi
547 617 604 656 nos
623 597 824 670 incusemus,
846 603 879 655 et
899 596 1047 658 damnare
1064 599 1235 680 studeamus,

161 705 257 766 quam
277 682 316 741 ah
333 679 408 762 ipsis
423 699 482 760 pro
498 686 603 738 nostra
625 676 923 758 negligentissima
945 681 1018 740 illos
1037 680 1105 742 inre
1124 683 1236 743 forsitan

161 766 355 833 laceremur;
387 770 497 821 notum
524 760 565 820 sit
590 759 803 840 Religiositati
830 768 973 838 restrae,
1007 763 1081 841 qnia
1108 765 1238 843 quosdam

162 847 317 927 coniuges
333 865 414 925 quos
434 843 553 904 iniuste
577 851 610 902 et
634 851 745 902 contra
762 841 962 904 Christianae
985 843 1166 925 disciplinae
1182 841 1237 906 'Re-

161 932 268 1011 gulam
287 926 477 987 coniunctos
495 923 658 998 eudimus,
680 932 712 984 et
731 945 787 984 nos
805 924 933 985 evocari
944 925 1098 1003 fecimus,
1119 936 1149 986 et
1162 937 1238 1010 prout

162 1011 252 1073 Cleri
268 1010 424 1070 iudicium
441 1015 473 1068 et
491 1006 558 1087 ipsa
575 1006 693 1068 iustitia
713 1005 862 1081 dictavit,
884 1008 1019 1089 separati
1034 1011 1240 1090 praecepimus.

161 1093 248 1172 Qui,
278 1100 314 1150 ut
339 1098 431 1152 erant
454 1088 596 1163 nobiles,
625 1089 664 1148 de
687 1087 887 1170 principibus
916 1089 1030 1170 populi
1060 1091 1170 1151 multos
1191 1091 1238 1152 sihi

161 1175 334 1258 complices
365 1171 561 1244 adunantes,
588 1171 757 1252 tyrannico
783 1191 892 1247 more,
925 1181 1037 1231 contra
1060 1173 1238 1234 Ecclesiasti-

162 1279 232 1320 eam
253 1275 415 1328 normam,
436 1252 537 1312 iurata
556 1252 644 1314 bella
662 1263 882 1334 susceperunt.
923 1253 987 1314 Sed
1003 1274 1062 1314 nos
1079 1255 1180 1336 vigore
1199 1256 1239 1313 iu·

162 1341 266 1403 stitiae
288 1335 504 1398 contumaciae
527 1334 659 1394 illorum
679 1334 839 1417 opposito,
863 1355 1067 1415 nequaquam
1088 1336 1238 1398 iniustitiae

163 1420 344 1484 cedendum
370 1417 558 1498 putavimus.
600 1417 642 1476 At
667 1416 717 1476 illi
749 1415 781 1474 in
813 1415 965 1476 maiorem
997 1418 1151 1478 insaniam
1173 1418 1239 1480 versi

160 1510 293 1588 propter
315 1519 404 1560 meac
425 1516 580 1580 personae
598 1498 768 1575 vilitatem,
790 1498 890 1558 olficii
918 1499 1018 1558 nostri
1039 1499 1239 1560 authoritatem

160 1608 220 1671 pro
247 1583 349 1643 nihilo
369 1591 571 1662 reputantes,
598 1580 638 1638 ad
663 1590 796 1640 vestram
820 1578 1057 1640 celsitudinem
1079 1583 1239 1662 appellare·

161 1677 249 1731 runt.
292 1667 357 1728 Vos
382 1673 489 1723 autem
513 1663 553 1721 ad
576 1681 674 1743 quem
695 1683 752 1722 nos
779 1683 888 1722 omnes
919 1673 1063 1744 spectare
1090 1663 1238 1736 debemus,

160 1750 263 1811 nolite
283 1744 484 1826 inaniloquio
506 1765 617 1802 eorum
636 1745 782 1821 eredere,
801 1743 877 1826 quia
893 1746 1040 1804 notitiam
1054 1745 1168 1814 cisium
1181 1768 1239 1808 suo·

160 1854 251 1908 rum,
273 1831 359 1889 inter
376 1849 455 1908 quos
476 1826 614 1906 degunt,
635 1826 808 1904 evitantes,
829 1826 869 1886 ad
889 1826 997 1907 ignota
1021 1831 1091 1888 loca
1109 1850 1141 1889 se
1154 1839 1239 1890 trans·

160 1916 246 1976 ferre
263 1919 426 1991 satagunt,
448 1918 485 1968 nt
498 1909 542 1967 ihi
555 1907 719 1969 mendacia
732 1931 788 1970 sua
809 1907 909 1969 vitare
927 1911 1140 1986 praevaleant.
1174 1913 1239 1972 Por·

160 2017 198 2058 ro
212 2017 271 2078 ego
287 1994 321 2052 in
337 1993 399 2052 fide
415 2011 485 2050 mea
504 1991 610 2050 omnia
629 1991 717 2050 robis
739 2011 815 2049 vera
834 1991 977 2050 narrabo.
1021 1993 1103 2053 Cnrn
1123 1992 1239 2051 Dioeee·

160 2079 221 2139 sim
240 2096 341 2136 meam
361 2073 546 2150 circuirem,
568 2072 684 2134 deveni
706 2072 744 2131 ad
766 2072 870 2132 locum
895 2073 950 2131 ubi
971 2076 1135 2134 memorati
1154 2073 1238 2134 laomi-

161 2181 219 2220 nes
244 2157 447 2232 habitabant,
474 2166 507 2216 et
531 2154 575 2213 ihi
601 2153 741 2214 ‹lididia
772 2154 944 2216 maioribus
968 2156 1034 2216 vici
1060 2157 1161 2231 illins,
1180 2154 1240 2235 quia

160 2241 259 2302 iidem
276 2239 430 2318 coniuges
449 2237 492 2298 ita
515 2237 641 2296 sibimet
667 2236 942 2317 consanguinitate
964 2237 1067 2298 iuncti
1086 2247 1196 2313 essent,
1214 2243 1241 2294 ut

160 2323 201 2384 de
221 2345 285 2382 uno
308 2323 445 2381 Parente
470 2321 503 2377 in
533 2320 662 2399 quinta,
684 2319 723 2378 de
748 2320 848 2378 altero
869 2321 900 2376 in
926 2330 1037 2401 quarta
1059 2321 1240 2401 generatione
1317 2355 1318 2364 .

159 2413 304 2466 mutuam
331 2403 487 2461 ducerent
508 2401 777 2482 propagationem.
821 2401 928 2477 Quod'
944 2403 1153 2482 inquisitione
1177 2403 1241 2459 l'acta

160 2493 193 2549 et
206 2485 268 2546 fide
288 2506 361 2546 cum
378 2482 559 2541 iuramento
582 2483 651 2542 slata
674 2483 716 2542 ita
731 2504 842 2544 verum
857 2505 923 2542 esse
942 2485 1062 2561 didici,
1086 2494 1119 2544 ut
1133 2504 1241 2555 omnes,

160 2592 179 2628 a
197 2567 330 2626 minimo
347 2585 448 2643 usque
467 2565 505 2624 ad
521 2564 713 2637 maximum,
735 2565 768 2624 id
786 2565 826 2625 ita
841 2585 874 2624 se
890 2564 1008 2624 habere
1022 2570 1242 2645 proclamarent.

161 2649 304 2727 Quodsi
325 2648 405 2706 haee
426 2647 558 2707 facultas
580 2646 731 2726 improbis
748 2646 930 2706 horninibus
957 2647 1095 2707 inhibita
1114 2671 1172 2706 non
1187 2651 1242 2705 lue-

161 2734 224 2808 rit,
253 2739 290 2790 ut
309 2728 462 2810 Episcopi
486 2727 533 2786 sui
557 2739 760 2809 praeceptum
789 2738 993 2800 contemnere
1014 2753 1080 2789 non
1110 2734 1242 2802 audeant,

138 2829 143 2842 ’
162 2815 246 2876 sicut
260 2811 399 2872 minores
415 2809 511 2884 mihi,
532 2809 572 2868 ita
590 2815 723 2870 maiores
740 2811 959 2890 quiqucrobis
973 2814 1079 2871 facere
1098 2811 1242 2890 incipient,

161 2905 194 2960 et
212 2893 447 2977 periclitabitur
471 2892 555 2972 apud
578 2894 739 2952 Domuum
761 2891 976 2972 Apostolicurn
1000 2905 1144 2954 nostrum
1163 2891 1243 2952 Mini—
1318 2895 1319 2902 ’

161 2979 304 3042 sterium.
348 2975 580 3035 Communibus
595 2995 670 3054 ergo
688 2974 806 3033 ririhns
822 2995 1005 3032 communes
1024 2975 1129 3036 hostes
1143 2971 1242 3034 Christi

163 3060 324 3124 debellare
346 3057 536 3117 studeamus.
577 3056 625 3114 De
646 3065 791 3132 caetero,
813 3057 949 3114 Domine
968 3057 1080 3134 Pater,
1104 3059 1141 3118 sle
1162 3055 1243 3137 gratia

158 3152 265 3206 vestra
287 3161 384 3222 super
409 3160 459 3198 me
490 3136 721 3198 subiectionem
745 3158 846 3197 meam
874 3138 1046 3198 certiorare
1077 3135 1242 3218 dignemini.

158 3223 411 3305 Religiositatem
439 3229 574 3279 vestram
600 3222 639 3278 ad
660 3220 800 3300 regimen
824 3219 987 3280 Ecclesiae
1006 3243 1084 3283 suae
1105 3220 1243 3281 Mediator

160 3307 223 3368 Dei
244 3310 275 3366 et
296 3305 462 3364 hominum
484 3302 633 3361 roborare
656 3303 814 3382 dignetur.

243 3387 364 3448 XVlll.
384 3384 589 3446 Providentia
618 3384 726 3444 divina
756 3385 793 3442 N.
818 3383 980 3444 Ecclesiae
1009 3384 1067 3445 ille
1087 3382 1244 3466 Episcopus

157 3471 196 3536 Ν,
215 3468 500 3563 Archipresbytero
523 3465 591 3545 pagi
611 3465 698 3526 illins
718 3465 861 3526 salutem.
903 3468 1021 3525 Notum
1037 3469 1080 3526 sit
1096 3463 1245 3527 dilectioni

158 3563 250 3627 tuae,
273 3572 348 3631 quia
363 3549 493 3609 Domini
514 3548 613 3607 nostri
628 3549 746 3628 Reges,
768 3548 897 3627 quando
910 3549 1095 3629 nuperrime
1115 3550 1147 3607 in
1160 3567 1244 3606 unum

158 3632 342 3714 congregati
365 3641 456 3705 sunt,
479 3631 564 3688 inter
596 3633 694 3688 multa
724 3651 805 3710 quae
828 3630 879 3710 pie
903 3652 938 3689 ac
968 3632 1141 3692 salubriter
1159 3631 1245 3690 ohser-

157 3717 263 3780 vanda
289 3713 543 3786 constituerunt,
565 3710 625 3770 hoc
650 3711 744 3770 etiam
765 3711 996 3789 decreverunt,
1018 3723 1055 3774 ut
1075 3735 1134 3794 pro
1154 3707 1244 3770 multis

159 3795 401 3862 necessitatibus
419 3794 604 3854 triduanum
624 3793 781 3852 ieiunium
803 3794 923 3875 pariter
943 3797 1111 3855 observare
1135 3795 1246 3854 dehere·

159 3905 245 3952 mus;
269 3879 357 3960 quod
381 3877 441 3937 hoc
464 3875 557 3934 modo
580 3876 649 3934 sieri
673 3875 817 3950 debebit,
839 3875 929 3936 XlV.
951 3878 1089 3943 Kalend.
1116 3886 1147 3936 et
1165 3873 1243 3936 Xlll.

161 3976 194 4027 et
212 3964 284 4024 Xll.
301 3960 373 4024 Kal.
390 3958 499 4036 lunii,
521 3979 601 4038 pura
624 3959 824 4018 confessione
849 3968 880 4017 et
902 3982 978 4039 pace
996 3955 1245 4042 praemissa'ieia-

160 4055 242 4108 nent
259 4065 368 4104 omnes
389 4037 488 4121 usqne
513 4039 553 4099 ad
579 4061 709 4098 nonam:
729 4041 872 4121 exceptis
895 4041 952 4121 qni
978 4063 1053 4123 prae
1078 4038 1243 4100 infirmitate

162 4139 194 4190 et
217 4125 354 4187 infantia
373 4133 429 4183 aut
453 4122 542 4184 senio
565 4126 665 4199 (non)
687 4131 817 4203 possunt
845 4121 1021 4184 abstinere:
1044 4132 1075 4184 et
1096 4119 1245 4182 unanimes

144 4209 304 4290 *contrito
322 4215 353 4267 et
373 4205 488 4266 humili
511 4206 607 4265 corde
639 4205 769 4266 vestiant
799 4204 839 4265 ad
865 4206 1062 4285 Ecclesiam,
1087 4210 1245 4287 sequantur
