2676 4976
470 331 768 393 coenomanicae
1101 316 1174 392 tte

319 507 453 594 Qualiter
479 508 522 572 tit
531 506 619 593 finis
639 509 822 574 intentionis
841 521 936 578 terre.

166 633 224 700 111.
260 617 515 716 Domneflomes,
536 635 600 699 hoc
623 635 704 700 dicit
721 637 850 720 Petrus,
871 638 961 724 qnod
982 649 1087 723 tem,
1108 663 1174 733 qne

87 721 122 782 in
142 721 197 784 tali
216 719 282 783 loco
300 729 343 782 est
361 741 416 782 sna
427 718 559 807 propria
576 727 641 794 est;
663 727 696 784 et
715 729 823 784 cetera
836 743 901 806 qne
925 745 1023 810 snpra
1043 725 1176 813 legitur.

317 850 461 934 Qualiter
481 851 524 912 sit
544 851 663 913 noticia
682 851 767 913 salve
786 853 925 937 querele.
987 871 991 878 ·

162 967 215 1034 tv.
250 965 362 1030 Senior
376 967 501 1046 Comes,
518 963 582 1029 hoc
601 964 682 1039 dicit
697 968 814 1031 Petrus
836 969 900 1030 iem
913 991 973 1056 per
988 969 1100 1056 plnres
1120 971 1175 1040 ri·

85 1073 136 1115 ces
155 1051 328 1112 lamentatus
352 1051 394 1112 ad
416 1072 473 1113 vos
496 1049 536 1112 de
556 1049 690 1128 Ioanne,
712 1051 801 1132 qnod
820 1051 882 1114 sibi
898 1053 1066 1118 contendit
1087 1055 1173 1118 malo

85 1133 203 1211 ordine,
229 1142 259 1196 et
278 1141 393 1196 eontra
415 1131 520 1215 legem
540 1154 638 1194 onam
658 1135 751 1215 pecie
771 1133 811 1196 de
833 1142 936 1213 terra,
956 1157 1019 1220 que
1039 1135 1122 1201 iacet
1136 1138 1172 1199 in

84 1215 134 1280 tali
156 1215 231 1294 loco,
251 1215 338 1277 unde
364 1236 423 1278 vos
449 1215 510 1276 sibi
531 1215 679 1297 pluribus
704 1215 832 1280 vicibus
850 1217 1025 1282 mandastis
1050 1229 1173 1284 vestm

80 1299 188 1374 missos,
208 1306 240 1359 et
262 1297 433 1381 epistolas,
461 1306 499 1358 ut
515 1299 556 1360 ed
577 1298 733 1380 placitum
758 1308 902 1362 vestrum
922 1301 1060 1382 veniret,
1081 1313 1116 1366 et
1131 1297 1172 1366 de

77 1381 128 1440 iila
147 1387 226 1440 terra
246 1380 276 1442 ei
299 1380 456 1442 iustitiam
473 1381 606 1457 iaceret,
629 1390 661 1444 et
683 1381 740 1444 iile
765 1382 871 1444 noluit
889 1383 1014 1450 venire.
1055 1385 1174 1449 Senior

75 1464 190 1540 Comes,
209 1461 427 1525 recordamini
444 1464 532 1526 vost,
545 1463 595 1527 Ita
614 1465 777 1531 recordor.
809 1464 853 1528 Et
876 1486 933 1527 ros
945 1466 1099 1532 Indices?
1117 1469 1172 1532 Sic

74 1544 207 1610 facimus.
226 1545 267 1607 Et
281 1539 496 1630 propter'hoc
512 1545 622 1627 querit
644 1547 733 1609 vohis
759 1546 952 1625 mercedem,
973 1557 1009 1610 ut
1049 1569 1086 1612 ro
1100 1552 1172 1618 Deo

76 1635 105 1688 et
121 1625 218 1686 anima
243 1629 366 1688 Domni
392 1628 595 1710 Imperatoris
620 1627 797 1700 investiatis
826 1650 898 1691 eum
929 1629 969 1692 de
998 1572 1173 1716 adspecta

76 1707 209 1786 deterre
232 1710 270 1771 ad
298 1711 423 1773 salvam
444 1713 618 1791 querelam.
659 1711 809 1794 Requiris
832 1719 870 1774 tu
899 1711 945 1774 ita
964 1713 1086 1778 Perre?
1115 1715 1171 1778 Sic

75 1789 163 1856 facio.
199 1791 288 1856 Tenc
313 1793 431 1856 Comes
447 1793 596 1856 investiat
619 1803 695 1854 e'nm
710 1816 769 1877 per
786 1795 915 1872 fustem,
936 1815 1034 1892 cpnem
1053 1797 1088 1858 in'
1106 1817 1173 1858 ma·

78 1893 122 1934 nn
145 1871 268 1955 detinet,
289 1876 397 1937 donec
421 1876 477 1937 ille
498 1876 630 1954 veniat,
653 1885 684 1937 et
710 1877 869 1939 iusticiam
897 1879 1003 1940 faeiat.
1043 1879 1088 1944 Et
1114 1901 1171 1942 sn-

74 1975 130 2039 per
155 1953 211 2018 hoc
231 1958 358 2040 querit,
379 1967 416 2019 ut
439 1957 569 2020 mittatis
593 1958 740 2020 bannum
761 1979 860 2042 super
882 1979 957 2020 enm
969 2004 980 2039 ,
1010 1969 1044 2022 et
1071 1980 1171 2048 snper

75 2059 149 2114 rem,
169 2047 281 2100 utnon
305 2040 350 2104 sit
372 2040 487 2122 aliquis
514 2041 628 2118 bomo,
656 2043 713 2123 qni
738 2043 854 2103 audeat
881 2062 957 2104 eum
979 2042 1020 2104 de
1050 2043 1108 2106 illa
1127 2045 1169 2108 're

73 2118 210 2182 devietire
232 2121 303 2189 sine
328 2123 427 2206 legali
449 2123 581 2202 indicio,
601 2131 634 2184 et
659 2125 685 2185 si
710 2123 783 2207 quis
807 2145 901 2189 ansus
920 2125 1021 2185 fuerit
1046 2125 1110 2189 hoc
1124 2127 1170 2188 ffi-

73 2221 137 2262 cere
158 2215 328 2286 componat
350 2207 415 2268 dno
440 2207 529 2268 mille
549 2206 728 2268 mancusios
753 2227 877 2286 eureos,
896 2205 1102 2270 medietatem
1119 2229 1170 2272 ca·

74 2304 149 2344 mere
170 2287 287 2348 Domni
309 2289 527 2371 Imperatoris,
548 2283 809 2350 et'medietatem
826 2291 944 2370 Petro,
972 2298 1005 2352 et
1027 2291 1093 2355 cuis
1113 2291 1167 2356 he·

73 2365 199 2434 redihus.
236 2369 405 2454 Pracipite
427 2371 498 2433 fieri
521 2371 682 2433 noticiam.
1157 2396 1169 2414 ¹·

360 2537 371 2559 .
423 2497 569 2583 Qualiter
577 2496 630 2583 fit
647 2499 816 2560 contraria.

142 2611 180 2677 V.
220 2613 343 2676 Senior
363 2614 490 2691 Comes,
509 2613 573 2676 hoc
599 2613 679 2676 dicit
702 2619 854 2696 Ioannes,
871 2613 961 2702 quod
982 2615 1105 2680 audivit
1117 2614 1171 2679 dis

74 2717 148 2778 cere,
172 2699 260 2779 quod
287 2718 345 2759 ros
371 2697 546 2770 investistis
578 2699 710 2760 Petram
733 2697 773 2758 ad
794 2700 915 2763 salvam
940 2691 1169 2782 querelam'dd

75 2799 129 2838 nne
144 2803 198 2842 saa
215 2778 313 2863 pecie
340 2779 380 2840 de
402 2788 499 2859 terra,
520 2789 652 2862 propter
676 2781 764 2864 qnod
779 2775 855 2863 ¹ipse
877 2783 993 2845 Petrus
1019 2781 1170 2867 pistrina&

73 2861 183 2926 vicibus
208 2865 404 2932 lamentatos
427 2871 475 2924 est
504 2861 546 2924 ad
566 2882 622 2930 vos
635 2907 650 2940 „
675 2862 763 2945 quod
783 2863 852 2945 ipse
874 2867 1014 2928 Ioannes
1039 2860 1171 2950 dm*

74 2957 154 3007 neret
173 2946 278 3030 ipsam
300 2944 425 3026 peciam
454 2943 493 3006 de
520 2953 620 3023 terra,
653 2946 739 3006 unde
756 2965 823 3017 ¹ros
853 2965 913 3028 per
942 2944 1053 3030 plnres
1081 2937 1171 3008 ticet

72 3029 231 3092 mandastis
259 3027 321 3090 sibi
343 3027 465 3103 missos,
486 3035 518 3087 et
539 3026 700 3110 epistolas,
725 3033 761 3096 ut
787 3025 827 3085 ed
849 3035 993 3109 vestram
1014 3023 1170 3108 pltciinitt

72 3109 196 3191 veniret,
224 3119 261 3172 et
285 3107 336 3168 illi
365 3108 524 3170 iusticiam
552 3113 692 3186 iaceret,
720 3105 762 3168 et'
778 3105 837 3168 itte
862 3125 930 3168 non
956 3109 1055 3181 vertiti
1101 3092 1171 3172 Seii

70 3201 169 3272 postea
187 3193 221 3253 in
247 3191 371 3252 iudicio
392 3199 465 3253 ante
486 3199 622 3252 vestram
640 3187 837 3274 presentiam
855 3197 984 3276 paratus
1004 3189 1171 3252 futtt'stans

73 3273 100 3332 di
120 3275 158 3336 ad
179 3275 346 3337 racionem
365 3295 439 3334 cum
464 3295 502 3334 eo
525 3274 612 3335 unde
635 3295 694 3356 per
719 3281 839 3336 vestros
865 3271 976 3334 missos
997 3271 1028 3333 ei
1047 3273 1170 3333 ammei

72 3353 218 3419 nitionem
240 3355 374 3434 fecistis,
396 3365 433 3416 ut
457 3355 498 3416 ad
518 3364 661 3418 vestrum
687 3353 842 3439 placitum
861 3355 1014 3434 venisset,
1036 3365 1069 3418 et
1096 3353 1170 3416 stiffi

72 3457 105 3497 eo
125 3439 241 3501 exinde
264 3437 305 3498 ad
325 3437 488 3512 racionem
509 3439 657 3516 stetisset,
676 3437 732 3500 sed
754 3437 885 3500 minime
898 3437 1028 3518 „veniis
1051 3436 1170 3499 Senior

73 3519 187 3599 Comes,
210 3531 243 3583 et
269 3541 325 3582 vos
342 3520 468 3583 ludices
493 3521 733 3582 recordamini?
749 3521 808 3597 Ita,
827 3515 1044 3582 recordamur:
1071 3517 1169 3582 Modo

71 3599 208 3664 similiter
227 3603 319 3664 venit
341 3603 374 3662 in
401 3612 504 3664 vestra
527 3603 721 3686 presentia,
744 3611 776 3664 et
804 3603 876 3672 vult
900 3605 1007 3666 facere
1031 3601 1168 3685 iusticia.
1217 3654 1220 3662 .

71 3681 124 3745 Vis
139 3686 203 3747 ita?
223 3685 318 3749 Volo.
359 3685 457 3748 Modo
484 3685 524 3746 da
551 3684 773 3746 vadimonium
798 3683 926 3764 Comiti,
959 3696 994 3747 ut
1017 3685 1114 3748 facias
1134 3684 1168 3747 ei

71 3764 221 3830 iusticiam
249 3767 288 3828 de
311 3767 378 3850 ipsa
412 3777 515 3845 terra,
544 3773 577 3845 et
603 3789 661 3850 per
686 3766 748 3828 hoo
770 3767 878 3850 querit
897 3763 1105 3846 mercedem,
1131 3775 1169 3830 nt

71 3847 238 3912 investiatis
267 3870 340 3910 eum
360 3851 399 3912 de
430 3847 612 3934 ipsapecia
638 3850 677 3911 de
699 3859 784 3911 terra
810 3850 893 3912 sicut
917 3850 1072 3912 hactenus
1093 3849 1166 3916 fota

71 3929 157 3994 Tunc
177 3953 235 4014 per
255 3931 371 3994 fustem
394 3933 507 3994 Comes
533 3931 682 3992 investiat
711 3953 794 3994 eum.
829 3931 873 3994 Et
896 3952 994 4016 super
1010 3931 1073 3994 hoc
1090 3948 1168 4014 qne⁴

70 4010 110 4072 rit
132 4015 218 4076 vohis
238 4015 429 4094 mercedem,
455 4023 493 4076 ut
515 4013 645 4076 mittatis
666 4014 808 4074 bannum
828 4033 926 4106 super
951 4035 1035 4092 enm,
1056 4021 1089 4075 et
1107 4031 1168 4075 *su*

70 4113 123 4174 per
139 4117 201 4175 res,
222 4105 259 4158 ut
280 4117 347 4158 non
375 4097 416 4158 sit
438 4096 557 4178 aliquis,
581 4093 693 4172 homo,
716 4096 774 4176 qai
798 4115 873 4156 eum
891 4090 1007 4157 audeat
1032 4094 1072 4157 de
1095 4093 1168 4178 ipdd

70 4177 155 4256 pecie
175 4180 213 4242 de
240 4188 324 4246 terra
344 4179 512 4246 disvestire,
526 4179 596 4240 sine
618 4178 714 4260 legali
742 4176 883 4255 iudicio,
914 4175 1167 4264 dt'qdiettniqud

72 4277 159 4323 ausus
179 4262 278 4325 fuerit
302 4262 408 4324 facere
431 4261 495 4323 hoe
515 4270 684 4345 componat
712 4261 776 4322 dno
797 4260 888 4322 mille
912 4260 1092 4326 mancusios
1113 4281 1168 4323 an·
