2676 4976
205 209 278 285 tta
664 235 854 289 rosunum

204 373 352 435 tudinem
374 393 461 435 susm
490 376 522 434 et
545 365 716 435 servicium
743 373 829 436 circa
850 393 900 438 me
920 377 1115 460 inpendetis,
1135 386 1201 446 cedo
1222 391 1264 452 tibi

204 465 300 538 atque
327 455 503 517 transcribo
522 477 613 538 capsa
636 457 676 518 de
702 479 771 518 casa
799 475 874 519 cum
900 458 969 541 ipso
989 459 1115 540 villare,
1148 465 1193 528 ubi
1216 471 1264 553 ipsa

202 557 274 598 essa
299 537 440 614 resedit,
462 546 497 597 nt
519 539 560 598 ab
583 537 741 601 hodierno
762 538 815 601 die
844 541 927 623 ipsas
948 562 1001 603 res
1017 543 1265 616 denominatasbs·

201 621 275 686 bcas
288 663 297 699 ,
320 630 439 696 teneas,
466 619 638 704 possideas.
676 621 719 684 Et
738 622 766 683 si
790 621 863 704 quis
883 644 962 686 vero
985 632 1045 689 ete.

562 747 681 832 Incipit
702 746 775 807 item
797 749 906 814 cessio.

282 861 414 926 XXXV.
456 863 525 946 Ego
548 860 637 924 enim
659 859 711 921 illi
735 861 839 923 fateor
864 884 915 926 me
945 864 1028 927 hanc
1049 868 1210 932 cessionem
1231 874 1265 934 is·

199 969 273 1013 cere
296 948 414 1010 debere
436 945 526 1028 qnod
546 945 591 1005 ila
613 953 647 1006 et
666 942 729 1005 leci
748 942 791 1022 ei,
812 944 853 1008 ad
874 945 1058 1008 dulcissimo
1078 961 1184 1032 nepote
1205 974 1265 1033 mco,

199 1052 318 1093 nomen
345 1030 413 1090 illo.
463 1028 552 1090 C'edo
580 1026 611 1089 ei
632 1033 765 1110 propter
795 1047 935 1090 amorem
957 1029 1181 1094 dulcitudinem
1200 1055 1264 1097 suan

197 1136 288 1191 casa,
317 1122 353 1175 ut
384 1113 422 1172 ab
449 1109 609 1173 hodierno
638 1109 691 1172 die
718 1107 819 1191 ipsam
843 1130 913 1173 rem
941 1113 1150 1198 conscriptam
1166 1114 1265 1196 babeas,

195 1205 317 1275 teneas,
338 1194 518 1279 possideas,
540 1202 600 1256 etc.
754 1195 756 1200 '

280 1326 401 1408 Incipit
424 1323 568 1410 epistola,
590 1341 682 1405 quem
701 1335 794 1407 pater
815 1335 845 1384 ct
865 1336 966 1386 mater
976 1323 1063 1407 facit
1082 1329 1115 1389 in
1124 1323 1205 1413 filio.

210 1467 214 1478 ¹
275 1439 434 1507 XXXVI.
477 1440 569 1502 Licet
584 1438 763 1521 uuicuique
782 1437 821 1500 dc
840 1439 936 1502 rebus
956 1442 1034 1519 suis,
1054 1463 1131 1526 quas
1150 1444 1179 1504 in
1193 1465 1261 1527 prae·

195 1533 286 1586 sente
308 1523 437 1584 sacculo
460 1522 613 1601 (babere)
635 1522 775 1599 videtur,
797 1530 862 1581 tam
886 1523 926 1584 ad
948 1535 1057 1586 sancta
1083 1527 1150 1587 loca
1168 1549 1262 1609 scupu-

192 1617 323 1668 rentum
350 1605 538 1683 meliorare,
567 1613 599 1664 ct
624 1607 678 1666 lex
706 1613 815 1667 manet
836 1612 870 1665 et
892 1609 1093 1668 consuetudo
1119 1607 1261 1690 longinqua

190 1689 352 1772 percurrit
376 1692 482 1750 facere
504 1687 593 1770 quod
612 1688 761 1748 voluerit.
803 1686 931 1749 lllcirco
952 1710 1011 1771 ego
1039 1689 1072 1749 in
1099 1690 1158 1750 Dei
1172 1711 1260 1752 nonen

191 1772 255 1850 illi,
278 1780 310 1832 el:
335 1771 451 1854 coguie
473 1791 543 1831 mea
572 1769 628 1829 illa
658 1767 860 1846 dulcissima,
888 1780 922 1831 et
945 1771 962 1830 b
986 1772 1150 1834 nobiscum
1167 1773 1260 1855 integra

189 1869 297 1915 amore
319 1852 485 1937 diligendo
512 1851 579 1912 filio
600 1851 669 1912 illo.
711 1853 798 1912 Dum
817 1851 851 1912 in
872 1852 1032 1931 omnibus,
1055 1863 1088 1916 et
1112 1875 1166 1936 per
1183 1855 1262 1916 omnia

189 1945 222 1999 et
242 1957 339 2017 super
364 1947 467 1998 totum
491 1935 584 1996 nobis
607 1932 746 1996 fideliter
777 1937 899 1996 servire
929 1935 1069 2015 videris,
1100 1937 1261 2020 multaspc·
1291 1991 1295 2008 ,

189 2019 299 2080 nerias
322 2028 355 2081 et
373 2018 507 2080 iniurias
523 2037 581 2100 per
595 2017 721 2079 diversa
736 2017 806 2078 loca
820 2038 878 2099 pro
898 2027 1007 2078 nostra
1029 2019 1262 2080 necessitatene

187 2101 319 2184 cepisti,
361 2111 394 2162 et
427 2101 462 2161 iu
491 2099 627 2162 utilitate
658 2099 849 2172 domnorum
878 2100 1021 2181 partibus
1055 2101 1199 2162 Britanici
1221 2122 1261 2161 seu

188 2181 372 2246 Wasconici
394 2183 556 2244 hostiliter
583 2181 697 2244 ordine
726 2183 765 2242 ad
787 2182 894 2264 specie
918 2203 989 2242 mea
1018 2184 1126 2244 fuisti:
1152 2183 1260 2264 proinde

171 2266 343 2340 ¹'convenit
364 2266 467 2342 nobis,
484 2274 520 2325 nt
539 2265 665 2346 aliquid
683 2263 722 2324 de
744 2264 904 2326 facultatis
927 2275 1055 2328 nostrae
1070 2275 1101 2328 te
1123 2265 1260 2327 emeliora-

185 2368 221 2410 re
243 2347 414 2427 debererit.
434 2347 523 2430 qnod
543 2346 586 2407 ita
608 2356 640 2407 et
659 2347 818 2412 fecerunt.
859 2348 946 2428 Ergo
971 2347 1204 2410 transcrivimus
1219 2345 1259 2406 tibi

185 2429 341 2490 mansello
363 2440 470 2492 nostro
499 2429 558 2488 illo
585 2449 682 2512 super
709 2427 882 2490 terraturio
912 2428 964 2490 vir
992 2429 1131 2492 inluster
1149 2429 1259 2505 virillo,

186 2521 220 2573 et
247 2511 310 2572 hoc
331 2533 405 2572 cum
432 2511 604 2587 domebus,
627 2511 800 2589 aedificiis,
822 2510 1014 2592 mancipiis,
1037 2513 1154 2590 viniis,
1174 2511 1259 2586 silvis,

184 2595 294 2676 pratis,
316 2594 407 2678 aquis
429 2615 648 2676 aquarumque
670 2594 875 2670 decursibus,
897 2594 1015 2655 iunctis
1039 2604 1072 2657 et
1092 2593 1259 2666 ediscendis,

185 2685 480 2758 quantumcumque
502 2676 621 2750 ibidem
642 2697 700 2737 nos
721 2676 826 2738 tenire
846 2675 906 2736 visi
927 2697 1037 2738 sumus
1049 2723 1059 2755 ,
1093 2676 1153 2736 hoc
1172 2675 1206 2736 ad
1222 2675 1259 2734 die

206 2769 354 2821 raesente
375 2759 610 2841 perpetualiter.
625 2757 739 2820 ordine
762 2759 915 2818 tradimus
936 2759 976 2817 ad
995 2759 1220 2840 possidendum,
1236 2764 1259 2814 ct

182 2783 246 2902 boc
269 2851 316 2903 est
336 2841 487 2920 habendi,
509 2840 642 2904 tenendi
665 2861 723 2900 seu
744 2839 959 2901 commutandi
978 2842 1118 2921 posteris
1137 2841 1202 2916 tuis,
1221 2838 1258 2900 rel

184 2924 240 2986 ubi
262 2933 316 2985 tua
338 2924 520 2986 decreverit
536 2925 694 2999 voluntas,
709 2921 970 3002 derelinquendi,
992 2933 1026 2982 et
1048 2925 1104 2984 ubi
1125 2922 1212 2983 aliubi
1230 2941 1259 2980 es

181 3016 290 3071 nostra
310 3008 380 3070 sine
402 3006 545 3088 epistolis
560 3004 730 3086 obligatam
746 3013 779 3065 et
800 3001 931 3064 infantis
945 3006 1064 3066 nostris
1079 3011 1259 3078 remutarent,

68 3135 71 3142 -
179 3103 217 3152 tu
238 3113 312 3152 cum
338 3090 413 3185 ipsis
435 3087 577 3171 aequalis
607 3087 731 3147 lanciae
753 3085 899 3147 dividere
920 3085 1027 3151 facias.
1071 3090 1114 3150 Et
1141 3088 1171 3146 in
1195 3086 1258 3144 lianc

119 3251 121 3256 Ι
178 3175 330 3258 paginola
351 3173 506 3233 mamare
521 3169 682 3245 convenit,
704 3167 731 3230 si
752 3167 891 3254 nosipsi
911 3177 965 3227 aut
985 3167 1115 3232 heredis
1136 3191 1188 3232 sen
1206 3187 1258 3248 pro·

204 3258 311 3340 inquis
332 3254 468 3331 nostris,
490 3262 546 3313 aut
566 3251 707 3312 militans
735 3260 886 3312 extranca
906 3271 1062 3332 persona,
1097 3253 1152 3334 qni
1172 3258 1258 3312 contra

178 3281 264 3402 lianc
290 3337 424 3421 epistola
446 3335 554 3417 aliqua
581 3334 718 3415 querilla
740 3341 794 3392 aut
814 3333 1028 3412 refragatione
1051 3333 1202 3396 contraire
1219 3352 1258 3390 vo·

178 3421 356 3497 lacrimas,
379 3418 508 3480 soledus
529 3426 635 3478 tantus
654 3415 714 3476 tibi
736 3415 878 3482 sociante
895 3415 971 3474 lisco
992 3427 1162 3499 conponat,
1182 3422 1208 3475 et
1225 3411 1259 3472 ni·

178 3505 227 3564 hil
248 3503 392 3566 vindicet
412 3500 501 3582 quod
521 3507 660 3582 repetem
681 3499 809 3560 ethaeo
831 3496 978 3558 voluntas
1000 3509 1109 3558 nostra
1130 3517 1197 3559 cnm
1210 3515 1258 3552 ma·

179 3608 240 3647 nus
262 3595 382 3647 nostras
403 3583 564 3645 robora-tas
585 3580 829 3664 omnitempore
851 3599 924 3640 cum
940 3577 1012 3660 lege
1032 3575 1194 3663 Aquiliani
1207 3594 1257 3636 non

178 3668 287 3731 dibeat
308 3688 374 3728 esse
397 3665 595 3728 inconvulsa.

502 3799 620 3882 Incipit
642 3799 744 3857 contio
766 3795 805 3856 de
827 3797 960 3860 nomme.

259 3911 426 3980 XXXVIl.
467 3909 789 3993 Dominomagnifico
809 3908 901 3969 fratri
920 3909 991 3986 illo,
1013 3931 1072 3990 ego
1096 3903 1154 3976 illi.
1192 3907 1258 3968 cona

175 4011 238 4064 stat
259 4021 310 4061 me
332 3996 494 4079 accipisse,
517 3994 613 4055 etita
634 3992 743 4077 accepi
765 3993 782 4052 is
803 3991 894 4052 vobis
915 4013 973 4073 per
993 3992 1077 4053 lianc
1099 3991 1258 4054 cautionem

178 4085 218 4146 ad
240 4082 405 4166 pristctum
425 4077 630 4155 beneficium,
650 4075 712 4136 boc
735 4085 782 4136 est
809 4075 842 4134 in
871 4085 1005 4156 argento
1028 4077 1138 4137 uncins
1159 4082 1256 4135 tantas:

177 4167 211 4228 i'n
234 4167 306 4228 leco
326 4161 468 4252 pignoris
491 4160 603 4225 emitto
624 4155 715 4224 vobis
736 4167 850 4221 statum
872 4175 979 4220 meum
999 4157 1212 4234 medietatem,
1230 4157 1257 4211 ul
