2734 4990
489 313 743 376 ravennenses·
1100 301 1188 374 aas.

85 465 257 532 seruando
276 465 307 522 et
336 453 552 523 innocentiam
587 456 799 520 custodiendo
831 457 978 520 omnihus
1014 459 1187 544 profuisti.t

87 555 179 616 Sicut
210 542 292 607 enim
320 565 380 604 non
413 553 492 606 sunt
519 540 699 622 condignae
720 538 882 622 passiones
904 538 1003 604 huius
1022 544 1186 626 temporis3

88 635 129 694 sd
149 635 279 691 loturam
290 627 419 708 gloriam
438 646 521 708 quaa
541 621 739 686 relevabitur
759 622 792 682 in
816 621 919 698 nobis,
941 625 984 684 ita
1012 648 1072 688 nac
1093 647 1186 694 con-.

91 716 185 797 <ligna
202 709 435 772 benevolentiae
457 705 562 768 officia
581 739 624 752 —-·
653 743 658 752 ·
703 703 844 786 quilibet
856 714 999 766 nostrum
1021 707 1174 774 exhibere

91 804 198 878 potest,
218 813 309 873 quum
333 791 489 852 videlicet
508 786 701 850 multociens
725 787 773 852 eis
787 786 830 848 sit
849 787 1103 852 emolumentum
1124 792 1174 852 tui

92 875 227 940 beneficii
249 872 333 954 quod
366 893 440 955 erga
469 870 644 932 Dominum
671 877 815 932 ausuum
845 878 878 930 et
907 891 966 932 uos
986 894 1100 934 ornnes
1124 875 1175 934 fe-

94 961 157 1022 cisti
178 979 260 1040 quam
280 957 390 1038 siqua
418 955 483 1016 siut
508 951 660 1033 obsequia
693 973 776 1032 quae
803 950 863 1012 tibi
889 951 1020 1017 duobis
1049 955 1175 1036 impen-

95 1045 202 1105 dantur.
237 1042 326 1100 Dens
349 1037 437 1100 enim
457 1035 513 1117 qui
545 1055 604 1116 per
624 1033 875 1096 Mardocbueum
902 1034 1058 1100 famulum
1081 1053 1176 1100 suttm

94 1122 286 1186 israheliticae
299 1121 407 1202 plebis
429 1117 576 1180 interitui
597 1116 791 1178 medicinam
811 1124 844 1177 et
863 1116 955 1178 uobis
971 1141 1030 1200 per
1049 1130 1081 1182 te
1099 1142 1176 1182 cou-

91 1206 172 1282 tulit,
191 1199 258 1287 ipse
285 1213 320 1264 et
344 1211 377 1264 te
398 1212 434 1264 et
455 1221 514 1262 nos
537 1200 582 1260 ita
609 1198 707 1260 buius
731 1200 815 1262 vitae
838 1199 1000 1262 enrricula
1020 1203 1177 1266 concedat

87 1307 222 1370 peragere
249 1295 286 1346 ut
313 1285 404 1345 illam
427 1282 653 1366 perveniamus
678 1280 776 1343 vitam
795 1280 854 1342 cui
880 1281 991 1344 nullus
1016 1293 1065 1346 est
1089 1285 1177 1350 linis.

84 1373 126 1432 De
145 1380 245 1430 cetera
268 1388 410 1450 exposco
433 1373 465 1426 et
489 1365 692 1445 ultraquam
711 1364 803 1424 valeo
820 1383 940 1444 quaeso
967 1373 1004 1425 nt
1027 1387 1077 1428 me
1100 1387 1177 1428 con·

83 1451 264 1534 gregationis
290 1448 395 1524 sancti
416 1447 465 1512 ill.
485 1467 569 1530 quae
590 1445 681 1508 vobis
706 1445 724 1505 b
746 1447 817 1507 Deo
838 1445 879 1505 ad
899 1448 1077 1529 regendum
1100 1471 1177 1512 con·

82 1555 158 1595 cessa
174 1543 221 1596 est
239 1531 442 1594 orationibus

443 1611 538 1673 sicuti
559 1619 591 1672 et
605 1629 663 1671 uos
683 1607 967 1693 congregationum
989 1611 1005 1670 al
1025 1612 1096 1674 Deo
1116 1635 1178 1675 uo·

80 1697 123 1758 bis
142 1693 179 1758 ad
191 1695 376 1778 regendum
394 1712 617 1756 concessarum
637 1693 839 1754 onauonibus
859 1694 1112 1757 commendaturi
1125 1718 1177 1757 su·

80 1799 160 1855 mus,
182 1787 217 1839 ut
239 1777 370 1838 mutuis
386 1798 446 1838 uos
466 1775 668 1838 orationibus
692 1775 782 1857 quasi
807 1774 997 1854 quibusdum
1028 1776 1179 1857 spiritali·

80 1862 132 1922 bus
152 1859 306 1938 brachiis,
329 1869 371 1936 et,
393 1866 431 1918 ut
450 1858 494 1918 ita
514 1857 669 1933 dixerim,
689 1857 886 1941 spiritalibus
907 1856 1002 1920 armis
1024 1859 1179 1921 adiuvari·

80 1952 131 2017 tes,
152 1951 183 2003 et
202 1941 332 2023 antiqui
362 1937 461 2002 bostis
483 1939 614 2002 insidias
640 1939 706 2000 sire
736 1939 992 2002 machinamenta
1016 1940 1125 2002 dolosa
1147 1963 1179 2003 e·

80 2024 196 2102 radere,
219 2033 253 2084 et
281 2024 323 2084 ad
345 2024 465 2104 Regem
494 2031 640 2083 nostrum
649 2021 813 2084 Christum
833 2022 1046 2104 inculpabiles
1066 2023 1178 2085 venire

82 2107 142 2187 ipso
164 2105 344 2168 auxiliante
369 2105 541 2166 valeamus.
582 2105 707 2166 Merear
724 2115 757 2166 te
777 2104 878 2186 scapis
903 2105 1076 2187 sospitem,
1097 2108 1180 2168 felix

80 2187 218 2264 felicem,
241 2186 413 2249 incolomis
435 2187 629 2248 incolomem
647 2205 793 2265 cernere,
813 2185 859 2250 mi
885 2186 1063 2267 carissime,
1086 2199 1120 2252 et
1137 2189 1178 2250 de

83 2269 296 2333 incolumitate
315 2279 371 2331 tua
394 2289 521 2354 semper
540 2268 662 2333 andus.
702 2269 770 2330 Pax
794 2268 854 2329 tibi
872 2269 891 2330 ai
907 2271 988 2337 Deo.

84 2439 196 2505 Sumite
218 2463 301 2527 quoe
324 2443 397 2504 misi
416 2443 527 2518 laetus,
548 2440 731 2504 munusculo
753 2463 875 2528 parma,

159 2527 271 2587 Dulcis
295 2527 392 2588 amice
413 2527 502 2598 milri,
524 2525 627 2586 dulcis
649 2538 680 2585 et
701 2539 772 2608 apte
793 2527 895 2592 rumis.

86 2605 164 2688 Quae
190 2609 255 2668 sint
275 2629 379 2690 parua
398 2609 483 2679 licet,
506 2628 618 2686 magno
636 2609 712 2668 boec
738 2607 867 2668 dilectio
884 2610 997 2686 mittit,

160 2690 246 2770 Quae
269 2695 338 2750 ncn'
355 2701 536 2772 compensat
555 2710 605 2748 res
625 2689 685 2748 sed
702 2695 821 2751 umoris
841 2711 929 2774 opus.
1034 2756 1037 2761 ,

85 2767 129 2830 Sit
148 2770 205 2832 tibi
226 2773 299 2832 vita
318 2771 415 2843 salus,
438 2771 501 2831 sint
521 2783 551 2831 et
566 2769 682 2850 salicia
703 2785 826 2845 cuncto,

157 2851 200 2914 Et
223 2855 285 2915 tibi
307 2851 347 2912 de
369 2851 463 2927 coelis
483 2853 554 2914 Rex
578 2853 664 2912 Deus
690 2849 791 2915 addon
810 2874 920 2937 opem,

87 2931 124 2993 Et
143 2937 185 2994 sic
214 2948 243 2994 te
271 2934 405 2995 clemens
429 2933 525 2995 ducat
550 2955 609 3015 per
626 2955 780 3020 prospero
798 2936 910 2996 mundi

165 3016 206 3078 Ut
222 3037 282 3096 pes
303 3015 462 3098 inoffenso
489 3018 612 3077 tramite
627 3017 717 3078 'celso
733 3028 831 3098 petat.

89 3094 125 3156 Et
145 3099 250 3180 quiin
272 3099 330 3163 boc
351 3099 418 3158 nito
441 3097 570 3176 dignum
594 3098 766 3174 conlceslsit
791 3099 941 3158 honorem

161 3175 226 3243 Hic
249 3180 309 3241 tibi
327 3191 401 3262 post
420 3180 538 3241 obitum
557 3179 611 3240 det
631 3199 725 3264 super
749 3190 836 3241 astro
861 3180 974 3250 lucum,

91 3383 314 3404 -----
326 3357 357 3429 a)
372 3360 439 3412 tum
454 3351 575 3413 meritis
589 3371 781 3436 magnopere
800 3353 987 3417 venerando
1008 3359 1070 3419 etia
1089 3357 1180 3424 nobis

93 3455 157 3497 cum
181 3434 272 3498 omni
302 3435 408 3497 studio
434 3433 627 3515 ardentique
653 3436 781 3496 fervore
807 3434 842 3494 iu
875 3437 1008 3500 vinculo
1040 3436 1184 3506 ueritatis
1221 3441 1225 3446 ’

92 3518 263 3582 amabiliter
283 3517 506 3598 amplectendo
534 3516 643 3594 divina
670 3515 881 3600 inspiratione
906 3523 1183 3617 protegente'Ab-

92 3599 150 3660 bati
169 3602 216 3662 ill.
239 3599 363 3661 inutilis
390 3620 427 3660 ae
454 3597 625 3660 vilissimus
642 3597 838 3660 famulorum
858 3602 920 3663 Der
942 3604 1178 3692 famulusper·

95 3701 200 3744 cunam
216 3689 278 3764 per
300 3681 384 3744 bauo
406 3679 586 3764 Epistolam
611 3679 645 3740 iu
665 3682 805 3743 Domino
832 3683 905 3745 lesu
927 3675 1184 3782 'optat'salatems

93 3762 390 3846 comperiatigitur
413 3761 617 3825 devotissima
636 3762 751 3825 caritas
773 3773 878 3826 restra
899 3788 976 3850 quin
1003 3771 1184 3833 auxiliante

94 3843 221 3908 Domino
239 3855 273 3907 et
285 3843 511 3928 Apostolorum
531 3843 680 3928 principe
692 3845 796 3916 ‚Petro
816 3845 1038 3913 intercedente
1052 3855 1186 3936 peralta

94 3943 190 3990 versos
211 3937 370 3990 tamarum
397 3927 477 3990 lines
513 3925 733 4011 immensaque
759 3947 881 3993 nosne
904 3931 1023 3996 subditi
1046 3941 1185 4000 ammae

96 4035 366 4062 .....
385 4009 518 4096 Reliqua
535 4007 650 4072 desunt
1019 4056 1022 4064 ·

97 4150 401 4180 h--n--n--n—

126 4203 545 4324 urtopmgspffi
628 4204 685 4232 ‘²
