2676 4976
132 1535 566 1632 FORMULAE
626 1517 1084 1630 ALsAT1CAE

534 1738 665 1795 SIVE

169 1889 613 1982 FORMULAE
673 1890 1047 1984 VETERES

70 2087 122 2158 Ex
143 2095 385 2168 vetustissimo
416 2097 552 2168 Codice
570 2096 738 2192 primam
762 2094 883 2166 editoe
911 2120 937 2168 a
956 2092 1164 2168 clarissimo

317 2221 400 2292 viro
430 2221 608 2292 Claudius
633 2218 692 2289 Le
717 2218 896 2290 Pelletier.

89 2649 92 2654 .
203 2595 610 2664 FORMULARUM
651 2597 1015 2665 ARGUMENTA.

95 2844 116 2888 ¹·
142 2777 251 2895 Carta
286 2833 468 2898 traditionis
500 2835 575 2902 Mo·

143 2918 279 2978 castorio
293 2920 327 2977 in
337 2921 491 3000 precaria.

93 3008 116 3053 2.
141 2993 231 3059 Carta
266 3003 522 3082 repraestationis
555 3026 576 3066 a

144 3079 338 3142 Monasterio
353 3087 387 3143 in
401 3087 555 3162 precaria.

93 3151 117 3214 3·
143 3158 322 3242 Walasrldi
347 3165 478 3226 Abbacis
509 3169 578 3228 Au-

142 3244 257 3319 gicnsis
280 3246 431 3307 Coenobii
449 3269 576 3332 compa-

136 3330 222 3388 catio
258 3327 299 3388 de
334 3328 505 3391 Mondanis
545 3344 577 3392 et

143 3406 373 3550 {eclesiasticis
413 3411 575 3492 dignitati-

165 3513 208 3559 us,

92 3563 118 3640 4.
146 3571 238 3637 Carta
259 3575 382 3656 Regalis
401 3575 578 3637 llanccmis·

149 3658 254 3723 sionis.

96 3730 119 3798 5.
146 3739 236 3804 Carta
249 3740 471 3820 Exemptioais
491 3762 576 3804 man-

145 3825 172 3882 si
191 3823 353 3885 cuc'asdam
378 3822 398 3881 is
423 3825 573 3898 tributis,

146 3907 362 3987 vectigalibus,
385 3908 531 3990 operibus
546 3921 577 3968 et

145 3991 290 4055 araturis.

93 4062 116 4130 6.
141 4070 233 4132 Carta
251 4093 313 4153 qua
340 4070 410 4131 Rex
433 4070 575 4133 concedit

145 4154 315 4216 Parocla'ae
351 4153 399 4214 ias
438 4153 575 4234 eligendi

147 4232 303 4322 Episcopi.

665 2853 694 2914 7.
725 2833 820 2897 Carta
835 2856 896 2917 qua
917 2835 989 2900 Rex
1019 2836 1164 2901 concedit
1185 2903 1191 2910 ,

727 2919 889 2980 Ecclesiae
902 2932 1022 2979 curtem
1038 2918 1163 3002 seofis·

728 3021 797 3061 cam
814 2999 893 3060 iuris
918 3003 1047 3084 proprii
1064 3015 1094 3061 et
1115 3021 1163 3061 rc-

724 3082 805 3161 galis

668 3161 698 3228 8.
728 3163 822 3224 Carta
845 3183 908 3246 qua
927 3165 999 3226 Rex
1019 3163 1166 3226 concedit

729 3246 925 3309 Monosterio
954 3248 1002 3307 ios
1026 3247 1164 3327 eligendi

727 3326 868 3392 Abbatis.

666 3430 697 3490 9.
726 3409 820 3472 Carta
851 3409 1058 3471 institutionis
1094 3414 1166 3475 Mo·

732 3495 898 3574 nasteriilc
920 3493 1002 3571 Rege
1021 3496 1077 3556 sub
1097 3498 1163 3556 eius

732 3589 763 3635 et
772 3575 923 3661 Episcopi
934 3576 1163 3642 iurisdictione.

652 3675 699 3722 ιο.
727 3659 821 3721 Carta
838 3658 1009 3721 Excambii
1028 3682 1082 3720 sea
1093 3681 1166 3746 per·

732 3743 913 3804 mutationis
941 3744 1026 3804 inter
1051 3745 1164 3824 Regem

731 3839 762 3887 et
776 3827 810 3887 V
806 3825 939 3886 asallccm
956 3826 1108 3887 liciarum
1120 3829 1166 3886 iu-

730 3929 764 3968 re
776 3905 989 3968 haereditario
999 3907 1164 3990 possiden-

730 3989 854 4050 darom.

651 4095 696 4140 ιι.
726 4071 871 4155 Epistola
910 4071 1165 4137 commendatitia

721 4153 866 4238 formato
886 4152 1044 4237 Episcopo
1057 4159 1090 4217 in
1102 4155 1162 4239 sa·
1238 4181 1241 4196 ¹

652 4262 654 4268 ,
728 4254 838 4299 ocrem
857 4229 1039 4301 Sacerdotis
1053 4236 1161 4304 desua

926 4335 938 4368 ἲ
