2734 4990
499 305 718 364 satcenses
822 381 825 388 Δ
1092 293 1165 370 477

64 450 266 514 manicatum
295 467 357 510 csse
384 434 607 508 decreverunt.
651 447 801 510 canones
830 458 936 512 autem
968 453 1165 534 agathenses

66 537 109 594 ita
132 529 353 615 pronuntiant.·
386 529 574 588 Monachum
590 531 654 590 nisi
670 551 731 612 pet·
748 530 946 593 Acbatana·
963 539 1163 618 permissum,

66 614 111 675 ed
133 615 266 674 alterum
297 612 520 673 Monasterium
549 613 734 690 migrantem
757 613 861 672 nullus
896 628 1001 676 tenere
1028 640 1163 702 praesu-

68 709 144 762 mat.
194 695 333 754 Canones
363 712 437 751 vero
468 690 767 774 Au‘gustidunenses
793 693 837 753 ita
858 705 1026 774 statuunt,
1053 703 1163 764 nullus

68 775 256 839 Monachum
279 773 409 836 alterius
434 772 554 854 absque
575 775 729 857 permisso
751 775 882 838 Abbatis
909 780 959 840 sui
983 793 1166 862 praesumat

69 859 214 922 retinere.
250 857 371 937 Regula
398 875 535 940 namque
558 866 658 918 sancti
680 857 859 934 Benedicti,
881 881 977 941 quarn
999 865 1065 946 ipse
1085 887 1164 946 pro-

72 943 155 1004 misit
176 941 206 1000 in
236 937 382 1010 omnibus
411 937 596 1015 custodire,
626 939 670 1000 ita
699 939 872 1001 edisserat:
901 943 1010 1004 Sciens
1034 967 1066 1005 se
1095 948 1162 1027 lege

72 1021 187 1103 regulae
204 1022 423 1091 constitutum,
450 1018 538 1101 quod
565 1021 596 1079 ei
623 1042 666 1084 ex
693 1020 751 1080 itte
777 1020 831 1082 die
856 1046 919 1086 nou
943 1026 1036 1087 liceat
1056 1030 1165 1108 egredi

72 1105 109 1166 de
126 1102 311 1168 Mouasterio
336 1121 393 1162 nec
418 1102 533 1162 collum
557 1115 704 1163 excessere
726 1100 768 1162 de
786 1105 931 1185 subiuga
950 1111 1085 1188 regulae.
1120 1113 1163 1174 Et

68 1186 156 1268 paulo
174 1193 262 1266 poste
294 1204 353 1244 nec
374 1203 417 1244 ex
438 1183 495 1242 illu
526 1181 579 1244 die
604 1184 731 1268 proprii
757 1189 899 1269 corporis
921 1203 1106 1272 potestatem
1129 1215 1163 1256 se

67 1269 229 1330 babituram
256 1267 350 1326 sciat.
392 1263 482 1342 Quid
502 1264 603 1326 multa
623 1264 799 1350 replicem?
835 1270 901 1330 Vos
927 1273 1072 1332 sensibus
1089 1274 1164 1336 doc·

65 1351 100 1411 tis
120 1346 277 1413 utimini.'“
294 1347 365 1408 Nec
389 1344 468 1405 mihi
493 1347 641 1429 pluribus
670 1347 776 1409 verbis
800 1369 879 1432 opus
906 1363 953 1413 est
973 1354 1062 1415 vobis
1087 1357 1164 1417 scri·

63 1434 142 1493 bere.
181 1431 410 1510 Quaecunque
432 1426 519 1488 enim
538 1429 556 1488 a
576 1451 627 1490 me
647 1437 825 1510 potuerant
846 1432 921 1510 dici,
943 1434 1021 1496 haec
1042 1436 1103 1496 iam
1117 1439 1164 1499 di·

62 1515 130 1576 vina
156 1505 257 1594 gratia
286 1511 379 1574 vobis
406 1510 552 1576 contulit.
599 1512 736 1594 Oportet
766 1533 903 1596 namque
933 1527 970 1578 ut
997 1517 1162 1583 doctrinae

61 1597 204 1676 iungatuu
223 1593 292 1654 vita
322 1593 436 1661 fidelis.
476 1592 615 1675 Agnosci
643 1595 771 1675 gratius
797 1617 861 1656 nou
885 1597 1080 1660 observanda
1101 1623 1164 1664 no-

61 1677 149 1740 cebit.
178 1673 260 1738 'Vos
281 1685 393 1737 autem
411 1676 590 1736 secundum
609 1676 714 1736 datam
734 1679 751 1736 a
775 1680 845 1739 Deo
867 1680 957 1742 vobis
974 1683 1163 1762 sapientiam

62 1759 149 1820 facite
169 1779 246 1819 eum
267 1757 313 1818 ad
335 1758 443 1818 locum
463 1757 550 1818 unde
570 1757 672 1819 exivit
692 1760 825 1837 reverti,
845 1771 882 1822 ut
902 1770 974 1844 agat
992 1767 1164 1844 poeniten-

65 1842 140 1904 tiam.
189 1839 344 1902 seientes
372 1850 479 1900 autem
500 1840 653 1921 quoniam
673 1840 731 1920 qui
754 1843 897 1904 converti
919 1846 1035 1908 lecerit
1054 1869 1166 1928 pecca·

66 1934 157 1986 torem
180 1923 220 1983 ab
240 1941 360 1982 errore
380 1922 450 1984 viae
478 1941 575 1999 sune,
601 1922 739 1984 salvabit
763 1923 899 1985 animam
921 1925 990 1987 eius
1011 1928 1028 1987 a
1049 1934 1171 2008 mortes

66 2016 93 2067 ct
110 2004 214 2087 operit
232 2005 480 2066 multitudinem
499 2013 721 2086 peccatorum„
753 2007 819 2068 Nec
834 2008 925 2068 vobis
946 2009 1046 2086 decet
1058 2011 1167 2072 borni·

66 2109 131 2149 nem
154 2085 315 2169 perverso
344 2087 558 2147 ambulantem
588 2087 771 2148 secundum
792 2089 950 2154 desideria
978 2091 1084 2154 cordis
1114 2095 1170 2155 sui.

66 2169 213 2229 auxilium
234 2177 397 2252 praestare
419 2178 455 2228 ut
476 2167 573 2252 magis
594 2189 631 2228 ac
654 2168 754 2252 magis
774 2180 825 2230 eat
846 2171 879 2231 iu
902 2171 1080 2248 interitum
1100 2178 1165 2238 sed

67 2250 179 2313 auferte
201 2252 328 2312 malum
349 2273 389 2312 ex
410 2249 520 2311 vobis:
556 2251 633 2330 quia
654 2250 846 2334 qui‘tangit'
860 2255 983 2335 picem,
1013 2257 1164 2341 coinqui-

67 2334 187 2396 nabitur
215 2335 257 2395 ab
279 2355 328 2399 ea.
368 2335 410 2400 Et
432 2353 492 2394 nec
514 2332 715 2394 abscondere.
740 2344 844 2415 potest
867 2335 1098 2420 homoiguem
1127 2341 1162 2402 in
1257 2373 1259 2378 ·

66 2416 133 2478 sinu
157 2436 217 2478 suo
246 2425 286 2476 ut
316 2415 501 2480 vestimenta
528 2413 618 2478 illius
647 2434 714 2481 non,
743 2415 891 2496 texuisset,¹
920 2429 975 2480 aut
1001 2422 1169 2486 ambulare·

66 2520 156 2580 super
184 2520 308 2580 prunas
341 2505 378 2556 ut
403 2519 467 2560 non
500 2495 730 2582 comburentur
759 2498 886 2580 plantae
916 2501 1003 2573 eius;
1035 2504 1082 2566 sic
1106 2505 1164 2586 qui

67 2582 261 2643 consenserit
284 2579 486 2662 iniquitatem
508 2598 573 2640 nou
598 2578 830 2643 cnitmuudus.
871 2582 940 2660 Isti,
961 2585 1018 2665 qui
1038 2605 1170 2650 encom-¹

68 2659 241 2730 municatus
264 2671 324 2738 est,
346 2661 445 2722 nolite
467 2660 498 2722 ei
525 2661 776 2738 communicare,
798 2684 840 2724 nc
861 2664 1020 2726 bonorum
1040 2677 1164 2732 vestro·

68 2765 132 2804 rum
150 2743 295 2826 praemia
315 2743 486 2813 amittatis;
515 2743 570 2806 sed
593 2763 668 2804 eum
692 2745 809 2806 sanctis
835 2747 999 2824 Patribus,
1022 2751 1079 2832 qui
1101 2753 1166 2813 hu-

70 2826 237 2898 iuscemodi
267 2825 432 2890 hominem
462 2825 844 2904 excommunicaverunt,
886 2839 1008 2912 partem
1048 2832 1165 2900 habere

69 2909 219 2970 mereatis.
263 2911 314 2970 Et
326 2906 514 2986 ubicunque
532 2907 648 2982 ibent,
669 2908 785 2970 Abbati
806 2912 1080 2973 suoauotoritatc
1103 2919 1168 2977 Ca·-

68 3011 184 3052 uonum
204 2999 386 3055 revocetur.
431 2988 858 3055 canan-ehatcedonensis2
890 2993 964 3052 Non
986 2993 1079 3053 liceat
1094 2998 1172 3057 Cle-⁴*

69 3074 159 3132 sicum
185 3073 349 3135 conscribi
367 3071 460 3144 simul
486 3069 661 3134 inducias
685 3070 835 3132 Eccleaiis
844 3116 857 3144 ,
888 3086 919 3132 et
939 3075 972 3140 iu
994 3093 1055 3154 que
1077 3081 1165 3140 ordi.

70 3166 152 3214 netas
180 3168 243 3230 est,
263 3166 294 3214 et
316 3153 361 3214 ad
379 3173 470 3234 quam
489 3151 634 3233 profugit·
652 3153 743 3233 quasi
762 3151 813 3215 ed
828 3156 1006 3236 potiorem,
1035 3157 1075 3218 ob
1097 3163 1171 3220 ina-1

71 3255 119 3294 uec
138 3236 261 3314 gloriae
281 3229 492 3317 cupiditatem.
533 3233 610 3293 Hoc
622 3245 724 3295 uectem
739 3232 896 3310 facientes
909 3239 1055 3296 revocari
1074 3239 1166 3312 deta

72 3335 103 3376 re
122 3317 165 3377 ed
183 3318 360 3380 Ecclesiam
380 3317 413 3374 in
435 3335 497 3396 quc
515 3316 661 3395 primitas
681 3315 823 3376 ordinati
842 3330 941 3393 sunt,
968 3330 999 3377 et
1023 3321 1069 3379 itt
1092 3337 1164 3382 ten.

70 3399 227 3462 tummodo
250 3397 437 3462 ministrare.
479 3397 543 3459 Eos
559 3399 697 3476 veroque'
717 3396 931 3478 eusifiterunt
949 3419 994 3459 ex
1016 3402 1172 3487 hisquae

72 3493 139 3540 aunt
159 3482 321 3564 prohibite
343 3491 553 3562 perpetrare,
592 3479 611 3536 ὰ
637 3481 771 3560 proprio
789 3481 892 3558 gradu
916 3481 1072 3547 recedent.
1123 3489 1170 3552 Et

74 3564 204 3644 nequis
233 3562 378 3623 Clericus
409 3559 466 3640 qui
497 3558 650 3620 derelicta
679 3561 823 3632 Ecclesia
851 3585 931 3639 sua,
962 3564 1051 3624 nulla
1071 3589 1173 3631 essessa¹

75 3642 227 3706 existente
247 3642 424 3726 probabile,
446 3651 600 3722 vagatur„
618 3662 677 3722 per
697 3642 774 3704 alias
793 3644 954 3706 Ecclesiae
974 3648 1166 3734 suscipiatur

74 3721 105 3782 in
125 3725 392 3788 communionem.
419 3725 531 3783 'Canon
547 3722 799 3789 Aurelianensis.
814 3727 959 3788 Ministsi
979 3726 1012 3786 in
1030 3734 1170 3812 quibus--

74 3825 197 3888 cunque
218 3808 296 3868 locis
317 3804 454 3866 ordinati
475 3804 608 3881 fuerint,
629 3807 805 3888 pervagati,
828 3808 1013 3890 ubieunque
1033 3815 1164 3878 inventi

75 3885 201 3966 fuerint,
222 3911 294 3952 cum
315 3888 440 3948 'auxilio
468 3885 618 3969 Episcopi
646 3896 798 3969 tanquam
822 3890 951 3972 fugaces
979 3893 1038 3953 sub
1062 3909 1165 3960 custo·

74 3965 121 4026 dia
141 3983 342 4040 revocentur.
385 3968 429 4032 Et
457 3989 549 4030 reum
577 3990 610 4030 ae
632 3967 689 4034 ille
710 3967 981 4032 Alebus-”futurum
1003 3993 1071 4038 esse
1093 4001 1165 4064 cog.

75 4061 177 4111 noscat
197 4052 255 4133 qui
281 4050 464 4114 huiusmodi
489 4071 638 4132 personas
659 4070 724 4112 non
750 4053 890 4133 regulari
920 4053 1164 4128 animadversio·

72 4148 111 4191 uc
131 4131 416 4215 distrinxeritpvel
437 4133 495 4216 qui
522 4131 716 4204 Monachum
738 4135 878 4220 suscepit
901 4136 1052 4203 alienum.
