2734 4990
172 286 246 357 476
543 295 547 304 ’
640 301 831 358 nonuntae

173 442 293 504 Domni
320 450 352 502 et
377 442 504 523 patroni
528 443 627 504 nostri
651 437 762 505 Sancti
791 442 881 506 iltius
901 421 984 503 hanc
1011 439 1205 525 petitionem
1235 459 1295 502 vo-

174 526 282 588 lumus
306 524 469 588 roborare.

587 655 664 737 Ipsa
688 654 866 738 promissio.

254 765 408 830 XXXIV.
448 767 518 849 Ego
538 768 607 846 itte,
622 771 748 830 Domne
761 769 849 829 Abba
865 768 932 844 ilie,
953 765 1169 828 obedientiam
1192 765 1293 830 vobis

173 849 350 913 secundum
369 849 516 928 regulam
534 852 635 912 sancti
650 851 835 928 Benedicti,
858 851 945 910 iuxta
962 849 1050 931 quod
1070 849 1103 908 in
1124 850 1182 910 ista
1208 850 1295 930 peti·

173 933 261 994 tione
285 933 481 1008 continetur,
503 955 599 1014 ‹puum
623 955 720 1016 super
743 933 829 994 istud
843 935 940 992 altare
960 933 1061 1014 posui,
1083 953 1193 992 coram
1218 931 1295 991 Dea

173 1026 207 1078 et
227 1013 462 1090 Sanctis-eins,
484 1015 516 1074 in
544 1025 701 1096 quantum
726 1016 806 1075 mihi
834 1016 900 1096 ipse
927 1017 1014 1076 Deus
1038 1014 1165 1075 dederit
1184 1014 1291 1074 adiu-

171 1096 304 1166 torium,
318 1098 388 1156 Deo
411 1105 443 1156 et
463 1096 553 1158 vobis
576 1098 727 1180 promitto
747 1097 919 1174 custodire,
943 1095 1028 1158 etin
1054 1117 1120 1180 qno
1138 1119 1294 1181 possum,

172 1179 243 1260 ipso
262 1173 453 1256 *auxiliante
475 1199 640 1240 conservo.
683 1181 797 1241 Amen.

200 1302 378 1394 Exemplar
392 1309 611 1394 promissionis
637 1313 718 1372 sicut
739 1311 881 1372 solebant
904 1311 1026 1392 antiqui
1045 1309 1198 1372 Monacti
1220 1329 1271 1370 re-

450 1447 452 1452 .
563 1394 670 1476 gratum
688 1396 883 1478 promittere.

213 1505 345 1568 XXXV.
398 1506 435 1566 ln
467 1506 596 1567 nomine
615 1505 763 1567 'Domini
816 1507 973 1568 Promitto
1000 1527 1051 1567 me
1076 1525 1138 1588 ego
1163 1505 1227 1566 itte
1253 1503 1290 1564 in

173 1609 264 1650 sacro
288 1587 482 1649 monasterio
511 1589 595 1648 beuti
625 1588 772 1670 Matrtyris
801 1589 870 1649 aive
898 1589 1098 1651 confessoris
1121 1587 1217 1647 illins
1238 1609 1288 1648 se-

174 1670 318 1732 cundum
340 1669 485 1751 institute
508 1671 590 1730 beuti
612 1670 777 1732 Benedicti
799 1691 904 1731 coram
927 1674 998 1731 Deo
1021 1679 1054 1731 et
1074 1670 1193 1731 sanctis
1217 1670 1289 1729 An·

174 1753 255 1836 getis
279 1751 359 1826 eius,
379 1763 547 1834 praesente
570 1753 664 1814 etiam
689 1751 811 1814 Abhna
833 1764 940 1814 nostro
957 1753 1024 1830 ilio,
1046 1753 1196 1812 omnibus
1220 1751 1290 1812 die·

172 1836 234 1898 hus
255 1834 334 1896 ineis
355 1835 389 1894 in
416 1832 479 1914 hoc
500 1845 609 1895 sancto
632 1837 827 1896 Monasterio
851 1836 965 1896 amodo
988 1845 1020 1896 et
1039 1835 1193 1914 deinceps
1216 1853 1289 1914 per·

172 1926 394 1986 serenaturnm
417 1916 503 1976 etin
525 1918 613 1975 omiti
635 1918 830 1994 ohedientia,
854 1919 1071 1999 quodcunque
1092 1917 1171 1976 inihi
1194 1935 1289 1996 prae·

173 2008 303 2081 ceptum
323 1998 434 2075 fuerit,
457 1999 671 2065 obediturum.
712 2001 781 2082 Ego
804 2000 859 2060 iiic
881 2001 965 2060 hanc
988 1998 1240 2080 promissionem
1269 1998 1287 2056 ai

173 2102 226 2146 me
245 2082 364 2144 factum
384 2103 482 2140 manu
505 2083 633 2164 propria
654 2103 758 2144 coram
779 2083 911 2144 testibus
932 2081 1045 2164 scripsi
1071 2091 1104 2142 et
1120 2080 1285 2145 roboravi.

255 2209 419 2273 Indiculus
444 2231 505 2295 pro
534 2209 691 2302 Munatio
710 2212 766 2294 qui
777 2207 904 2292 sugerit
925 2210 965 2272 de
992 2209 1198 2274 Monasterio.

186 2383 189 2390 ,
257 2323 413 2402 XXXVI.
455 2327 593 2386 Domino
617 2325 665 2385 itti
690 2323 756 2386 itte.
779 2327 994 2410 Suggerentes
1019 2325 1186 2386 sanctitati
1210 2345 1284 2387 ves-

174 2417 256 2486 trae,
283 2407 363 2470 certi
386 2407 426 2468 de
451 2409 538 2468 vohis
562 2408 638 2489 qnia
659 2408 826 2470 veritatem
852 2411 992 2471 animosa
1012 2409 1112 2490 pietas
1133 2429 1199 2466 non
1229 2427 1284 2466 re·

175 2501 282 2567 eusnt,
303 2510 366 2548 nec
391 2487 582 2552 fidesaeeta
610 2490 785 2571 aliquando
809 2491 932 2573 patitur
954 2511 1180 2575 quamcunque
1213 2489 1284 2548 iac·

174 2583 288 2636 uuam.
329 2574 378 2634 De
405 2575 531 2631 caetero
548 2573 747 2654 cognoscatis
772 2575 860 2652 quod
876 2583 985 2634 noster
1007 2571 1105 2632 frater
1129 2572 1199 2649 ilie,
1224 2571 1282 2654 qui

173 2655 210 2716 in
241 2653 438 2733 Monasterio
460 2653 627 2715 nobiscum
648 2655 712 2714 t'nit
740 2655 898 2732 nutritus,
936 2663 1184 2735 tonsuratusquc
1213 2663 1283 2727 est,

175 2734 393 2798 obedientiam
416 2752 521 2797 coram
545 2739 614 2797 Deo
633 2747 665 2796 et
683 2737 814 2798 Sanctis
826 2737 902 2798 ‘eins
922 2757 958 2798 ac
979 2736 1183 2797 stabilitatem
1204 2757 1283 2818 pro-

174 2818 285 2895 misit,
308 2827 403 2898 atque
425 2817 459 2878 in
481 2828 590 2879 nostno
615 2819 795 2880 Ciericetns
819 2819 927 2879 officio
948 2819 1015 2898 ipse
1037 2817 1201 2878 ordinatus
1220 2828 1284 2892 est,

174 2901 239 2962 hoo
267 2901 371 2984 ipsum
397 2899 517 2961 obiitus
537 2898 683 2962 discessit
705 2900 888 2961 inobiset
911 2901 1007 2962 rediit
1029 2910 1102 2981 post
1130 2901 1284 2960 satanam

174 2984 261 3046 sicut
285 2982 406 3045 reverti
428 2982 511 3045 solet
533 2983 621 3044 cauis
643 2983 683 3043 ad
703 2983 857 3062 vomi-tum
878 3005 992 3058 suum,
1023 2992 1056 3042 et
1075 3000 1127 3043 sus
1152 2983 1219 3054 lota
1246 2983 1283 3042 in

174 3064 345 3128 volutabro
367 3065 447 3142 luti,
470 3076 502 3128 et
523 3085 611 3126 nuno
631 3063 785 3124 honorem
809 3066 909 3126 seculi
930 3065 1079 3146 diligens,
1101 3063 1225 3125 divitiis
1244 3087 1283 3125 nc

173 3147 314 3212 terrenis
336 3148 432 3208 rebus
453 3158 588 3224 sectans,
610 3147 774 3207 vobiscum
796 3147 926 3230 degens.
968 3147 1034 3207 t'os
1060 3155 1163 3208 tamen
1187 3147 1282 3212 scitis

174 3229 334 3312 quicquid
357 3250 483 3291 sacrum
507 3228 617 3292 divina
642 3229 764 3288 lumina
793 3229 917 3306 verbis,
953 3228 1085 3310 eloquio
1113 3249 1282 3309 sensuque

176 3313 310 3386 docent,
328 3311 416 3393 quod
437 3331 531 3372 nemo
549 3311 672 3372 mittit*
694 3328 825 3370 manum
847 3312 881 3370 in
908 3321 1024 3387 aratro,
1046 3310 1203 3392 aspiciens
1226 3332 1279 3372 re-

174 3403 239 3472 tro,
258 3402 352 3478 aptus
376 3400 424 3454 est
442 3413 543 3474 regno
567 3393 638 3457 Dei.
680 3394 746 3453 Nec
772 3392 864 3454 vohis
882 3395 960 3454 latet
985 3393 1064 3474 quid
1091 3393 1197 3454 facere
1221 3394 1282 3454 Ca·

176 3496 280 3544 nones
306 3475 347 3536 de
367 3473 428 3536 huc
447 3495 482 3536 re
504 3473 739 3549 commendent,
761 3475 813 3535 val
836 3476 948 3556 regula
972 3485 1069 3556 atque
1091 3481 1281 3536 tractatores

174 3557 284 3626 Sancti
307 3567 533 3640 exposuerunt.
574 3557 659 3617 Haec
676 3556 763 3617 enim
782 3577 838 3618 vos
858 3566 973 3618 cuncta
993 3557 1190 3636 relegentes,
1212 3577 1280 3616 mea

176 3637 311 3710 moriter
332 3637 477 3700 retinetis
504 3639 593 3719 qnod
614 3638 721 3698 unimo
749 3637 870 3699 sitienti
893 3637 1025 3700 bibistis.
1065 3640 1145 3698 Num
1168 3648 1279 3699 sancta

177 3720 326 3802 Synodus
347 3720 486 3782 Nicaena
511 3720 639 3780 ordinet
663 3729 698 3780 ut
717 3719 744 3780 si
772 3721 844 3815 quis
865 3721 899 3780 in
921 3719 1115 3782 Monasterio
1136 3719 1281 3783 nutritus

155 3823 281 3884 ‘usque
304 3803 344 3863 nd
365 3821 521 3863 summum
545 3801 686 3863 studium
709 3803 826 3880 fuerit,
848 3804 1101 3885 et-postmodum
1121 3801 1281 3865 discesse-

177 3885 231 3959 rit,
255 3882 317 3944 nisi
337 3893 535 3960 revertatur,
566 3883 738 3944 desertoris
762 3884 896 3946 crimine
924 3885 1102 3947 damnetur.
1149 3885 1191 3946 Et
1214 3885 1279 3946 ite-

178 3988 268 4028 rum:
297 3966 334 4026 Si
358 3969 438 4045 ouis.
451 3967 620 4047 susceperit
642 3966 831 4026 Monachum
849 3968 1008 4038 alienum,
1037 3967 1127 4028 ambo
1144 3987 1279 4027 excom·

178 4047 360 4118 mionicondr'
381 4062 459 4107 snm.
501 4049 648 4109 Canones
672 4064 747 4108 vero
769 4046 1047 4111 chalcedonenses
1080 4048 1123 4109 ita
1149 4047 1279 4130 praeci-

203 4129 292 4205 iunt,
323 4138 359 4194 ,ut
380 4130 562 4190 Monachus
589 4129 622 4188 in
659 4128 803 4190 oratione
832 4140 864 4190 et
893 4129 1015 4191 ieiunio
1044 4136 1210 4212 permanet
1244 4129 1276 4189 in

178 4153 250 4276 ioco
273 4210 306 4270 in
334 4233 400 4292 quo
425 4212 621 4274 renuntiavit
645 4213 765 4279 seculo.
814 4213 1022 4276 Deserentem
1047 4231 1124 4274 vero
1146 4231 1276 4275 excom·
