2734 4990
512 331 729 385 urbantate
968 350 974 360 ·
1102 312 1178 387 aas

86 478 146 538 tiae
173 477 248 533 eius.
289 473 368 532 Hinc
392 477 423 529 et
449 469 730 550 persemetipsum
755 466 861 528 divina
891 471 1061 546 clementia
1085 475 1117 534 in
1141 476 1182 536 E-

86 556 236 639 vangelio
258 557 394 618 hortatur
420 551 548 613 dicens:
577 554 683 628 Data,
708 565 737 611 el
761 551 888 612 tlnlu'tar
916 557 1010 621 vobl's.
1060 558 1101 618 Et
1124 557 1181 617 ile.

90 661 181 703 rum:
210 640 286 698 Date
309 637 545 709 eleemosynam,
574 649 604 692 et
629 637 734 692 omitia
763 632 970 694 iterandorum
990 642 1083 700 vobis.
1124 639 1180 700 His

92 723 192 802 igitur
210 727 296 800 atque
316 716 384 776 aliis
405 717 644 797 scripturarum
664 714 946 777 ammonitionibus
960 739 1019 800 ego
1033 721 1183 782 wolfha-

95 805 128 883 gi
148 810 343 884 compunctus
360 797 456 857 ¹trado
482 807 579 878 atque
603 797 790 856 transfundo
809 797 848 855 ad
869 803 1061 862 coenobium
1079 804 1181 864 suncti

97 883 189 953 Galli,
209 884 258 942 ubi
279 881 463 941 Grimaldus
481 879 584 940 Abbas
601 900 742 958 praeesse
756 877 945 958 dinoscitur,
969 885 1126 966 quicquid
1150 886 1181 943 in

95 989 170 1050 pago
190 963 406 1046 Turgauvensi
435 962 465 1020 in
496 963 567 1022 loco
589 963 841 1042 Rammisperuge
869 965 1032 1027 nominato
1054 969 1184 1049 pro'prio

97 1050 201 1108 sudore
220 1045 431 1106 Smricbolfus
453 1043 646 1124 adquisivit,
677 1053 710 1102 et
737 1063 810 1102 cum
836 1066 931 1106 manu
953 1047 1109 1124 Advocati
1135 1049 1186 1110 sui

94 1129 237 1189 Ricbmari
261 1129 301 1187 ad
324 1126 524 1208 praedictum
551 1125 742 1186 coenobium
763 1128 968 1205 contradidit,
988 1131 1131 1212 mihique
1154 1141 1187 1190 et

93 1211 239 1290 legitimae
272 1230 365 1269 meae
395 1207 609 1289 procreationi
641 1207 699 1268 sub
732 1228 768 1266 ea
800 1210 928 1274 ¹ratione
957 1214 1186 1294 possidendum

92 1292 254 1372 dereliquit
277 1301 315 1350 ut
337 1305 469 1350 censum
490 1290 608 1351 exinde
629 1289 721 1348 anilis
739 1288 873 1371 singuiis
893 1298 1128 1372 persolvamus,
1153 1297 1185 1356 id

88 1385 144 1449 est,
171 1375 250 1435 duos
276 1373 429 1433 denarios
461 1373 511 1432 vel
539 1373 617 1432 duos
639 1372 777 1432 maldros
807 1373 848 1432 de
872 1394 980 1453 grano,
1023 1378 1057 1438 si
1081 1388 1188 1437 autern

88 1477 141 1538 ego
169 1457 239 1516 illas
268 1456 431 1515 redimere
460 1455 579 1532 velim,
613 1475 686 1513 curn
717 1473 783 1512 uno
815 1454 918 1515 solido
948 1457 982 1518 id
1010 1481 1108 1539 agam.
1152 1459 1186 1518 Si

85 1560 156 1600 vero
188 1559 247 1619 ego
283 1538 359 1597 illas
391 1555 456 1596 non
485 1537 667 1612 redimam,
701 1535 837 1615 legitimi
869 1536 1004 1601 heredes
1037 1543 1098 1600 mei
1128 1543 1186 1601 sub

82 1619 240 1702 praedicto
271 1639 375 1680 censu
399 1639 451 1679 eas
473 1619 666 1699 possideant,
708 1617 742 1676 Si
771 1626 878 1678 autem
901 1617 962 1680 boe
987 1623 1131 1682 evenerit
1151 1634 1187 1682 ut

82 1702 211 1783 legitimi
234 1702 373 1763 heredes
398 1700 461 1761 mei
482 1699 633 1761 deficiant
652 1709 747 1784 atque
766 1699 799 1758 iu
822 1721 877 1760 sua
900 1699 1098 1788 ingenuitate
1123 1727 1208 1778 uuir·

81 1795 289 1864 permaneant
314 1780 530 1862 integerrime,
553 1782 660 1843 statim
680 1781 719 1840 ad
746 1783 944 1862 praedictum
962 1785 1097 1845 redeunt
1118 1809 1187 1845 coe-

83 1865 208 1924 nobium
235 1864 472 1946 perpetualiter
501 1865 746 1945 possidendum,
771 1864 945 1944 nullusque
976 1888 1028 1927 eas
1053 1869 1188 1932 ulterius

82 1948 240 2008 licentiam
261 1944 469 2007 abstrahendi
489 1945 613 2023 habeat,
635 1947 691 2006 sed
708 1965 766 2025 pro
787 1948 929 2007 remedia
951 1950 1074 2009 animae
1100 1971 1190 2009 meae

83 2050 204 2107 necnon
228 2040 262 2090 et
287 2027 468 2090 Starichelfi
496 2049 621 2110 semper
644 2029 722 2087 illuc
745 2027 809 2087 sint
838 2028 1007 2109 deligatae,
1030 2053 1102 2092 cum
1120 2053 1188 2114 prn-

84 2113 140 2188 tis,
164 2113 306 2192 pascuis,
334 2110 436 2184 silvis,
465 2111 620 2185 marchis,
648 2110 726 2184 viis,
753 2109 861 2188 aquis,
888 2133 1107 2195 aquarumque
1130 2117 1187 2174 de-

85 2194 236 2270 cursibus,
268 2193 367 2256 cultis
391 2202 424 2252 et
447 2192 589 2269 incultis,
608 2191 779 2254 mobilibus
799 2202 832 2250 et
856 2192 1081 2271 immobilibus,
1100 2217 1188 2278 quic-

85 2276 157 2358 quid
181 2276 246 2338 dici
276 2276 330 2336 vel
361 2274 518 2334 nominari
549 2284 661 2355 potest.
702 2275 805 2335 -Hauc
832 2285 939 2334 autern*
967 2277 1187 2338 Traditionelu

85 2359 152 2417 ideo
181 2381 242 2440 ego
276 2359 383 2417 facere
410 2356 499 2424 volui
535 2357 610 2438 quia
641 2357 705 2416 illa·
725 2354 816 2436 prior
842 2358 971 2417 traditio
995 2381 1091 2440 quarn
1117 2363 1186 2424 Sta-

83 2439 234 2502 richalfus
276 2439 382 2514 fecit,
425 2459 488 2498 nun
521 2439 664 2520 perlecta
700 2459 761 2498 nec
793 2438 906 2500 litteris
939 2440 1001 2500 fuit
1028 2444 1182 2502 inundata.

84 2523 224 2598 Quodsi
257 2543 318 2604 ego
350 2521 417 2602 ipse
448 2521 500 2580 vel
529 2521 596 2579 ulla
620 2521 764 2602 opposita
796 2542 930 2601 persona
959 2534 1070 2584 contra
1100 2523 1184 2585 hanc

83 2605 261 2666 traditionis
294 2603 472 2663 chartulam
504 2603 613 2662 venire
638 2599 832 2677 tenta'verit,
861 2603 942 2663 auri
969 2606 1079 2667 uncias
1102 2617 1184 2681 tres,

85 2688 199 2767 argenti
227 2687 371 2769 pondera
393 2683 539 2766 quinque
560 2685 598 2748 ad
624 2684 780 2746 aerarium
800 2685 893 2768 Regis
912 2697 1038 2748 coaetus
1065 2689 1185 2770 persol-

86 2779 149 2843 vat,
171 2768 384 2830 et'eff'ectum
409 2787 507 2844 quem
537 2765 701 2832 inchoavit
729 2787 794 2824 nun
822 2768 983 2847 perficiat,
1015 2771 1072 2831 sed
1097 2771 1178 2835 haee

85 2849 186 2910 cbarta
208 2849 332 2911 stabilis
352 2859 385 2908 et
405 2847 494 2910 firma
510 2860 702 2929 permaneat,
717 2870 790 2910 cum
810 2850 1016 2930 stipulatione
1038 2853 1184 2912 subnixa.

84 2931 190 2992 Actum
211 2934 246 2992 in
268 2933 337 3014 ipso
358 2930 515 2991 coenobio
534 2931 635 2992 suncti
655 2932 752 3003 Galli,
774 2933 993 3010 praesentibus
1014 2935 1081 2994 istis
1102 2959 1184 3014 qun-

84 3033 148 3072 rum
168 3013 222 3076 hic
243 3014 411 3096 signacula
425 3011 641 3086 continentur.
683 3013 815 3087 Signum
832 3013 1009 3089 Wallhngl,
1030 3018 1085 3095 qui
1103 3017 1184 3080 lianc

85 3096 299 3158 Traditiouem
319 3096 405 3157 fecit.
448 3094 514 3176 sig.
541 3095 650 3155 Heitar
673 3100 697 3172 ἦ·-
717 3095 922 3173 Arnaluuc,†
944 3096 1184 3177 Witigouvo.†

85 3177 310 3258 Tagibreht.†
337 3177 527 3254 Nomen-1«
551 3178 645 3236 Enna
667 3187 726 3245 etc,
783 3177 851 3256 Ego
877 3177 973 3257 igitur
999 3179 1048 3238 iso
1071 3179 1183 3237 imme-

86 3279 153 3318 rens
178 3259 513 3338 Monachusrogatus
540 3258 652 3340 scripsi
683 3267 715 3318 et
737 3257 917 3338 subscripsi,
960 3259 1071 3320 Notavi
1097 3263 1182 3322 diem

86 3341 277 3404 dominicum
299 3341 353 3401 lt.
376 3341 447 3408 Kal.
469 3340 542 3407 lun,
572 3361 656 3404 auno
689 3339 787 3411 xlll..
815 3340 907 3422 regni
933 3339 1092 3421 Ladona,
1124 3345 1181 3404 sub

88 3421 234 3486 Odalrieo
261 3424 397 3496 Gemite,

543 3559 621 3618 Item
650 3557 721 3618 alt'u.
819 3571 820 3576 ’
869 3623 872 3630 ⁴

163 3667 266 3742 XLV,
306 3671 376 3752 Ego
412 3671 445 3730 in
476 3672 538 3733 Dei
565 3669 694 3731 nomine
722 3671 873 3732 iliacum
900 3693 996 3731 manu
1025 3673 1182 3734 Advocati·

89 3752 145 3810 mei
167 3755 296 3814 nomine
318 3753 378 3814 illo
404 3753 495 3814 trado
521 3753 561 3813 ad
586 3754 815 3814 Monaslerium
840 3755 949 3816 Sancti
978 3752 1074 3820 illius
1093 3778 1180 3822 man·

81 3834 166 3913 'cipia
184 3837 336 3913 tetidem,
364 3857 502 3917 quurum
526 3833 606 3894 halec
635 3845 708 3895 sunl
740 3835 878 3902 numina,
921 3837 984 3898 Sed
1013 3845 1102 3898 extra
1121 3837 1180 3899 bas

90 3921 183 3977 tiltum
205 3939 330 3980 servum
352 3918 530 4000 emptitium
551 3915 679 3982 nornine
701 3919 766 3982 illu,
809 3920 844 3978 lu
861 3941 897 3978 ea
914 3915 1065 3979 videlieet
1079 3921 1180 3982 ratia-

90 4017 126 4055 ae
146 4011 179 4060 ut
206 4023 242 4062 ea
261 3999 392 4060 habeam
412 3997 537 4081 tempus
558 4001 642 4061 vitae
664 4021 763 4076 meae,
786 4019 981 4082 censumque
1001 3997 1092 4060 annis
1113 4002 1178 4061 siu-

91 4080 164 4158 gulis
193 4083 323 4159 solvam,
342 4082 377 4146 id
398 4091 455 4158 est,
478 4089 611 4142 tautum.
653 4083 695 4142 Et
715 4083 741 4144 si
761 4083 918 4143 redimere
937 4082 1083 4152 voluero,
1105 4103 1179 4144 eum

90 4170 169 4224 lanto
192 4164 358 4228 redimam,
397 4164 498 4225 illum·
521 4183 598 4226 vero
626 4185 721 4246 supra
746 4164 943 4223 nominatum
966 4184 1091 4224 servum
1117 4187 1177 4226 no·

86 4245 169 4307 anne
190 4246 306 4315 illu-in
337 4247 476 4314 eundem
498 4266 628 4312 censum
661 4246 793 4309 habeam
817 4257 941 4330 tempus
969 4245 1051 4308 vitae
1080 4268 1177 4314 meae.
