2734 4990
185 243 258 322 oto
647 259 836 312 ronuuaar

184 406 276 552 pium
302 401 342 466 ad
372 397 629 486 procreationem
655 397 823 474 filiorum,
852 404 947 482 atqua
980 398 1013 458 in
1044 399 1127 463 dotis
1160 383 1313 463 titulum¹

208 509 261 548 are
283 502 417 570 sponsae
442 502 531 543 meae
553 479 684 541 nomine
706 479 880 557 Hisdemci,
901 479 985 543 filiae
1004 483 1168 562 quondum
1187 487 1298 546 Wtan-

183 570 219 632 di
242 563 338 652 atque
362 563 546 642 Osbrenae,
578 562 709 624 decrevi
732 563 766 622 in
789 563 969 644 praesentia
990 564 1142 626 Virorum
1169 566 1297 626 nobili-

183 673 239 713 um
264 671 369 732 agere,
392 645 565 726 studuiquc
599 656 631 704 ut
662 644 729 706 eius
750 644 943 727 temporibus
969 645 1195 707 inconvulsum
1214 670 1294 730 per-

182 753 312 796 manare
338 739 442 812 queat.
486 727 581 804 Quod
601 728 643 788 ita
666 735 697 786 et
714 727 787 786 foci.
828 729 913 810 Ergo
937 727 1022 788 dono
1038 729 1097 789 tibi
1118 731 1295 790 donatum-

182 839 245 900 que
263 813 441 876 secundum
467 811 586 891 Legem
615 809 749 870 Salicum
775 809 815 896 in
832 819 886 868 tua
912 809 986 870 dote
1009 811 1027 871 a
1052 813 1103 871 die
1127 814 1296 894 praesenti

181 901 253 960 iure
276 895 420 978 legitimo
443 893 476 952 in
503 902 693 974 perpetuum
714 912 780 952 csse
802 893 896 967 volo,
919 903 951 952 ct
975 893 1014 953 de
1040 914 1110 954 mco
1137 894 1170 953 in
1196 904 1295 954 tuum

181 981 231 1042 ins
253 990 284 1041 ct
306 975 557 1040 dominationem
580 975 670 1034 trado
693 983 787 1056 atque
811 974 1005 1052 transcribo,
1032 975 1093 1036 hoc
1118 986 1165 1037 cst
1196 999 1294 1036 man-

181 1085 252 1125 sum
279 1061 361 1120 iuris
390 1057 453 1116 mei
484 1056 772 1132 indominicatum,
810 1078 882 1115 cum
905 1057 975 1116 aliis
1003 1067 1141 1138 quatuor
1169 1061 1293 1121 mansis

181 1144 349 1206 servilibus
376 1161 433 1200 seu
455 1139 703 1218 adspicientibus
727 1138 820 1198 simul
843 1139 1139 1216 curtit'eris,=vineis
1168 1163 1290 1224 arpen-

181 1247 298 1305 norum
326 1232 475 1306 quatuor,
498 1222 595 1298 silvis,
619 1221 822 1302 viridigariis,
842 1221 950 1302 pratis,
973 1222 1090 1304 campis
1112 1224 1289 1286 cultis'rel

180 1308 332 1383 incultis,
358 1304 502 1387 pascuis,
524 1303 662 1386 perviis,
683 1303 821 1363 exitibus
845 1312 876 1362 et
902 1307 1120 1384 regressibus,
1150 1316 1183 1366 et
1207 1309 1290 1366 reli-

181 1391 254 1473 quis
275 1387 477 1462 adiacentiis,
504 1385 673 1446 mobilibus
704 1395 737 1446 et
758 1385 990 1465 inunohilibus,
1018 1410 1091 1449 cum
1117 1388 1290 1470 mancipiis

181 1474 351 1554 utriusque
375 1491 481 1546 sexus,
502 1489 640 1550 quorum
665 1467 744 1527 haec
776 1477 850 1528 sunt
875 1469 1013 1528 nomina.
1056 1470 1232 1532 Giofredns
1257 1481 1290 1532 et

181 1576 266 1616 uxor
286 1577 343 1615 sua
370 1551 500 1612 (tonavit
522 1573 590 1610 eam
615 1548 789 1610 infantibus
812 1549 952 1610 Geroldo
977 1561 1010 1612 et
1034 1551 1186 1628 Abdone,
1212 1575 1291 1614 ncc-

181 1659 248 1697 non
275 1646 306 1697 et
326 1637 445 1716 Poppa.
487 1632 705 1714 Magewardus
735 1642 767 1693 et
793 1653 877 1692 uxor
899 1633 967 1694 eius
998 1633 1188 1716 Adalburgis
1212 1657 1290 1696 cum

179 1720 249 1779 filio
276 1740 334 1780 suo
356 1715 486 1778 nomino
507 1713 674 1790 Eumeda,
697 1715 898 1792 Iscmbcrtus‚
919 1715 1121 1793 Aimbertus‚
1145 1718 1287 1796 Potitus,

179 1802 381 1884 Ultegerius‚
404 1798 581 1873 Alboinus,
604 1795 773 1873 (lifardus,
800 1797 935 1856 Lanceri
963 1809 995 1858 et
1023 1820 1105 1858 uxor
1131 1822 1188 1860 sna
1212 1801 1287 1862 Sic-

178 1885 281 1960 berta,
302 1882 507 1956 dimanans,
529 1888 561 1940 et
577 1879 696 1940 coniux
720 1880 788 1940 cius
808 1878 1010 1957 Adalburgis,
1033 1890 1065 1940 et
1087 1880 1151 1941 lilia
1171 1903 1287 1942 eorum

178 1964 387 2049 lngeltrudis,
409 1961 594 2039 Cathindes,
621 1961 848 2042 Megewardus,
869 1962 1046 2038 Pnceltita,
1070 1971 1101 2022 et
1124 1962 1284 2026 Albutius.

181 2048 248 2128 Qui
277 2046 493 2131 praescriptus
515 2065 641 2104 mansus
667 2065 741 2102 cum
767 2043 913 2104 omnibns
942 2045 1139 2126 appendiciis
1169 2057 1219 2107 est
1248 2048 1283 2106 in

179 2152 262 2214 pago
284 2131 494 2204 Carnotense,
515 2126 549 2184 in
572 2125 688 2186 vicaria
699 2125 946 2206 Ganegiacense‚
970 2128 1003 2185 in
1029 2128 1100 2188 loco
1125 2129 1181 2208 qui
1204 2127 1284 2188 dici·
1356 2179 1357 2202 ,

180 2221 234 2278 tur
249 2209 375 2272 Sicheri
393 2209 480 2270 villa.
502 2209 585 2268 Haec
599 2208 704 2267 omnia
724 2209 868 2288 superius
882 2208 1108 2290 comprehensa
1128 2212 1179 2270 die
1196 2233 1285 2290 prae·
1356 2263 1357 2268 ,

180 2293 264 2360 senti
282 2291 341 2351 tibi
355 2313 425 2352 sum
438 2292 586 2366 daturus,
603 2290 657 2350 vel
675 2289 847 2351 traditurus
868 2299 970 2352 totum
990 2300 1021 2350 et
1037 2291 1282 2373 inexquisitum,

181 2385 219 2437 ut
242 2373 398 2456 quicquid
416 2373 534 2433 exinde
554 2373 659 2432 facere
682 2373 847 2451 volueris,
873 2372 1006 2433 liberam
1027 2383 1058 2434 et
1075 2374 1285 2436 firmissimam

181 2457 216 2519 in
244 2457 394 2518 omuibus
411 2454 527 2516 habeas
544 2461 732 2536 potestatem
750 2455 898 2516 faciendi.
941 2458 1034 2515 Dono
1052 2457 1145 2517 etiam
1163 2459 1222 2517 tibi
1250 2459 1285 2518 in

179 2540 321 2625 praefixo
335 2559 416 2620 pago
433 2537 485 2598 vel
498 2537 531 2596 in
549 2537 659 2596 eadem
678 2537 807 2614 vicaria,
827 2537 859 2597 in
875 2539 945 2598 loco
964 2540 1020 2618 qui
1035 2539 1154 2600 dicitur
1168 2543 1285 2600 Boner-
1355 2537 1356 2540 '

109 2623 113 2630 ’
179 2623 271 2697 villa,
304 2640 431 2681 omnem
457 2617 669 2692 medietatem,
690 2629 754 2678 tam
784 2641 823 2680 ex
844 2620 1010 2700 mancipiis
1030 2643 1124 2702 quarn
1148 2645 1184 2683 ex
1214 2623 1284 2682 alo-

181 2703 234 2780 de,
262 2724 359 2784 quam
380 2701 424 2759 ibi
446 2699 561 2762 videor
582 2699 716 2778 habere,
748 2701 809 2761 hoc
841 2711 905 2779 est,
935 2723 1078 2762 mansum
1105 2727 1207 2763 unum
1229 2706 1284 2765 cui
1354 2745 1355 2752 κ

182 2785 367 2866 adspiciunt
391 2783 492 2842 mansi
518 2781 650 2843 serviles
679 2793 818 2865 quatuor
847 2807 919 2844 cum
952 2785 1118 2868 mancipiis
1143 2809 1285 2868 quorum

180 2865 262 2927 haec
290 2873 365 2928 sunt
392 2865 539 2941 nomina,
568 2865 735 2944 Galastus,
765 2867 930 2948 Ergarius‚
957 2867 1138 2945 Pascarius,
1169 2870 1285 2929 Marli-

182 2971 262 3026 nus,
290 2948 411 3030 Polite,
445 2955 477 3009 et
500 2947 709 3030 amelberga,
740 2948 842 3010 vincis
875 2969 1089 3030 arpennorum
1120 2959 1283 3030 quatuor,

179 3033 301 3114 pratis,
323 3030 432 3106 silvis,
463 3029 572 3111 aquis,
601 3051 796 3110 aquarumve
828 3030 1034 3109 decursibus,
1063 3035 1156 3093 terris
1185 3034 1284 3094 cultis

181 3121 213 3174 et
233 3113 382 3190 incultis,
405 3111 542 3172 exitibus
564 3120 595 3169 et
614 3113 827 3193 regressibuS,
850 3114 903 3174 vol
929 3113 1084 3194 quicquid
1105 3115 1147 3172 ibi
1173 3117 1284 3198 adspi-

180 3196 236 3273 cit,
260 3215 386 3257 omnem
402 3195 603 3254 medietatem
625 3202 688 3253 tam
709 3195 852 3278 interris
871 3215 966 3277 quam
987 3195 1019 3254 in
1045 3197 1224 3279 mancipiis,
1247 3199 1281 3258 id

163 3281 238 3354 est,
265 3299 410 3338 mansum
437 3297 539 3334 unum
560 3297 633 3335 cum
655 3276 770 3336 mansis
791 3287 928 3357 quatuor
946 3277 990 3336 ibi
1017 3278 1282 3359 adspicientibus,

181 3378 254 3420 cum
293 3359 390 3440 pratis
424 3378 641 3440 arpennorum
674 3359 829 3437 duorum,
867 3370 899 3421 et
927 3359 1130 3422 medietatem
1162 3363 1283 3425 Eccle-

180 3442 245 3502 siae
275 3439 348 3506 Dei.

539 3571 683 3635 Traditio
705 3571 750 3634 ad
767 3597 918 3660 sponsam.

231 3741 234 3748 ,
259 3687 385 3755 LXXX.
425 3687 511 3749 Dum
533 3689 641 3749 multis
666 3688 802 3750 habetur
818 3693 1041 3774 percognitum
1065 3696 1207 3776 qualiter
1219 3719 1280 3779 ego

108 3773 112 3780 '
178 3771 236 3832 ille
255 3772 398 3853 puellam
419 3771 560 3852 aliquam
588 3771 717 3832 nominc
745 3773 835 3832 illam
858 3795 922 3833 una
947 3799 1019 3836 cnm
1043 3799 1201 3839 consensu
1224 3804 1281 3862 pa-

176 3862 306 3915 rentum
328 3855 382 3916 vel
403 3853 577 3913 amicorum
604 3862 784 3914 nostrorum
808 3858 944 3938 Legibus
973 3861 1138 3941 sponsavi,
1166 3871 1198 3922 ct
1221 3863 1280 3923 ali·

177 3936 257 4018 quid
281 3937 320 3998 de
350 3936 446 3997 rebus
472 3936 549 3996 meis
582 3935 611 3996 ei
638 3937 756 3998 donare
784 3949 857 3998 anta
886 3941 971 4001 diem
998 3943 1181 4026 nuptiarum
1209 3944 1279 4005 dis·
1349 3971 1350 3994 1

175 4018 284 4100 posui,
316 4018 390 4080 ideo
426 4018 548 4100 placuit
576 4017 655 4076 milri
683 4029 721 4079 ut
753 4019 791 4080 de
819 4021 894 4102 ipsis
925 4025 1019 4085 rebus
1051 4025 1145 4085 misso
1175 4026 1276 4106 ipsius

174 4101 304 4180 puellae
339 4101 468 4161 nomine
504 4100 554 4160 illi
579 4099 783 4161 traditionem
807 4104 859 4163 vel
887 4105 1157 4167 introductionem
1183 4107 1275 4168 loco·

173 4200 246 4240 rum
274 4182 453 4245 secundum
482 4181 601 4266 Legem
624 4182 797 4244 Romanam
823 4185 929 4249 facere
966 4189 1124 4256 deberem.
1176 4189 1275 4269 Quod
