2734 4990
160 308 235 387 472
617 328 808 384 reserasse

1357 303 1362 408 l

157 466 346 568 mancipiis,
363 465 555 563 sesuldum,
583 465 712 565 ‘libertis
736 479 799 530 tem
831 467 950 565 ibidem
985 467 1136 563 oriundis·
1165 485 1268 562 quam
1362 492 1363 549 a

159 550 487 715 :llfflltptsst'lt
502 549 1270 716 {tlillicet?llllllu?23:23:

159 738 224 800 que
240 714 437 791 decursibus,
460 736 534 775 cum
555 714 628 776 exio
646 725 679 776 et
692 736 847 798 regresso,
865 737 959 778 omne
981 737 1080 797 gersus
1100 713 1274 796 pecodum

158 810 224 862 tam
243 797 474 891 maiorenquam
486 798 626 872 minore,
648 798 819 870 mobilibus
833 808 864 860 et
881 797 1107 872 immobilibus,
1130 817 1268 855 omnem
1361 805 1362 818 ¹

157 903 227 944 rem
245 879 483 962 inexquisitam,
505 887 569 938 tam
592 897 700 941 aurern
720 902 815 962 quam
833 889 964 963 argento
980 879 1032 940 vel
1052 877 1194 958 reliquas
1219 877 1268 936 fa·

157 963 345 1037 briceturas,
359 970 428 1022 tam
440 960 616 1022 ministeria
627 962 856 1025 Ecclesiaewcl
869 971 1043 1024 strumenta
1061 960 1266 1030 chartarum,

157 1046 257 1108 libros
284 1045 336 1106 vel
362 1043 550 1104 vestimentu
575 1044 761 1122 Ecclesiae,
791 1045 841 1105 rel
868 1045 955 1108 omni
984 1043 1140 1126 praesidio
1160 1043 1267 1122 ‚quod

157 1128 238 1189 mihi
265 1126 409 1208 Legibus
428 1125 543 1187 vivens
567 1127 728 1208 possidere
760 1127 872 1188 videor
900 1137 932 1188 et
958 1127 1037 1186 mihi
1067 1125 1264 1199 redibatur,

158 1218 192 1272 et
208 1207 365 1292 quicquid
386 1207 452 1268 dici
473 1217 530 1268 aut
550 1207 709 1268 nominari
728 1218 844 1290 potest,
863 1219 964 1270 toturn
980 1219 1012 1270 et
1034 1208 1073 1268 ad
1094 1207 1265 1288 integrum
1362 1224 1363 1229 ¹

157 1293 198 1356 ad
225 1289 372 1352 iamdicto
396 1289 591 1352 Monasteuio
618 1293 726 1352 Sancti
753 1291 841 1352 illius
867 1292 1012 1374 proficiat
1032 1291 1073 1351 ad
1100 1309 1264 1372 angmen-

155 1384 236 1451 tum,
264 1375 408 1455 inspecto
431 1371 515 1434 illud
536 1381 713 1435 strumento
738 1373 826 1456 «guod
843 1385 935 1436 antea
956 1374 996 1435 ed
1013 1371 1163 1433 iamdicto
1184 1371 1263 1430 Mo·
1362 1418 1363 1439 ,

155 1455 296 1520 austerio
324 1454 474 1519 lecimus.
519 1455 650 1526 Praeter
677 1455 736 1516 isla
764 1457 870 1518 omnia
890 1477 1097 1524 reservamus
1124 1453 1157 1518 in
1184 1451 1264 1514 Fal·
1361 1497 1362 1500 ,

156 1539 241 1600 cidia
260 1537 434 1601 ,heredibus
459 1536 574 1598 nostris
600 1538 692 1598 villas
717 1538 788 1600 illas
814 1539 847 1598 in
873 1559 952 1621 pago
979 1539 1055 1612 illo,
1078 1536 1113 1596 in
1137 1555 1174 1596 ea
1201 1557 1262 1596 ra·
1362 1544 1363 1611 ᾗ

153 1621 244 1696 tione
272 1628 309 1686 ut
334 1622 416 1689 l'acta
442 1639 513 1680 mea
538 1619 571 1678 in
596 1619 744 1682 omnibus
769 1619 918 1682 studeant
941 1639 1129 1682 conservare
1158 1627 1262 1697 etque
1362 1620 1363 1661 Ὗ

154 1703 341 1764 defendere.
384 1701 479 1780 Quod
507 1700 532 1762 si
562 1701 623 1762 boc
646 1703 753 1774 facere
776 1702 995 1784 neglexerint,
1027 1699 1182 1782 quicquid
1210 1697 1263 1758 eis

154 1785 375 1868 deputavimus
401 1783 551 1866 perdant,
578 1793 610 1846 et
635 1784 675 1846 dc
701 1784 788 1846 omni
815 1805 948 1864 corpore
976 1783 1135 1846 facultatis
1164 1800 1260 1840 meae

153 1867 289 1953 penitus·
309 1867 486 1931 reddantur
517 1860 673 1928 extranei.
727 1869 768 1927 Et
797 1869 824 1928 si
852 1865 976 1948 aliquid
1008 1883 1261 1946 comparavero,

59 1952 63 1957 ’
153 1959 209 2012 aut
242 1971 282 2010 ax
313 1947 498 2032 parentibus
534 1947 613 2010 meis
648 1948 728 2010 mihi
762 1949 955 2026 obvenerit,
998 1948 1048 2013 vel
1073 1947 1262 2020 adtraxero,

152 2031 204 2094 vel
231 2053 290 2114 per
311 2030 458 2112 quolibet
481 2029 611 2110 ingenio
638 2031 676 2091 ad
703 2052 760 2092 nos
782 2031 987 2112 pervenerit,
1008 2029 1095 2112 quod
1122 2027 1155 2087 in
1182 2027 1258 2108 ipso
1361 2039 1362 2058 ¹

153 2122 341 2176 testamento
356 2118 456 2195 *supra
477 2133 541 2172 nun
567 2115 895 2192 commemoravimus,
918 2121 990 2195 post
1018 2119 1158 2172 nostrum
1185 2109 1257 2170 dis·
1361 2175 1362 2182 χ

153 2213 276 2267 cessum
295 2215 371 2258 casa
386 2194 502 2257 Sancti·
516 2193 604 2256 illius
630 2217 690 2278 per
712 2197 862 2258 Rectores
886 2217 958 2256 suas
982 2194 1118 2276 recipiat
1141 2213 1257 2274 perpe·
1361 2205 1362 2208 ’

151 2278 281 2346 tualiter
307 2279 346 2340 ad
368 2277 604 2360 possidendum.
645 2279 708 2338 Per
730 2287 928 2358 praesentem
947 2285 1172 2340 testamentum
1192 2276 1256 2336 ba-

152 2361 275 2426 silicam
299 2359 519 2424 sanctitillius
543 2359 698 2426 heredem
726 2381 827 2422 meam
850 2359 1001 2435 instituo,
1034 2368 1066 2420 et
1092 2355 1255 2438 quicquid

153 2441 521 2523 uisicuiquedcputsvi,
551 2442 633 2508 fideiv
658 2451 732 2507 tune
757 2441 934 2512 commitam
961 2443 1034 2524 quie
1059 2441 1138 2520 haec
1161 2439 1253 2520 quod

151 2525 210 2598 tibi
237 2523 387 2606 deputavi
404 2524 504 2584 mmo·
517 2533 548 2586 te
570 2524 689 2587 habere
709 2547 805 2606 qnam
824 2544 886 2601 me,
906 2535 937 2586 te
956 2524 1054 2606 magis
1069 2543 1164 2603 quam
1178 2543 1255 2584 cae·

150 2607 228 2668 teris
252 2605 427 2668 heredibus
446 2627 483 2666 ac
505 2605 736 2688 proheredibus
763 2606 850 2670 meis.
894 2608 929 2668 Si
950 2607 1023 2689 quis
1044 2625 1132 2681 vero,
1164 2603 1255 2686 quod

150 2690 296 2766 futurum
329 2709 393 2748 non
420 2707 502 2752 esse·
521 2688 643 2765 credo,
677 2689 704 2751 si
736 2688 852 2769 aliquis
876 2691 1034 2752 heredum
1063 2709 1100 2748 ac
1132 2685 1254 2768 prohe—
1361 2733 1362 2756 ,

150 2772 265 2834 redum
300 2791 473 2848 meorum,
508 2770 560 2832 vel
582 2770 734 2853 quislibet
767 2773 912 2852 opposita
943 2791 1078 2852 persons
1106 2787 1255 2851 praesen-

152 2863 217 2914 tem
245 2861 472 2918 testamentum
500 2872 608 2919 mecm
638 2853 821 2935 infrangere
855 2851 1020 2916 conaverit
1046 2851 1098 2914 vel
1129 2858 1254 2912 tentare
1362 2920 1363 2923 Ἴ

152 2935 417 3019 praesumpserit,
446 2935 480 2994 in
509 2935 742 3018 primieusque
765 2935 841 2996 dum
866 2945 974 2998 veram
996 2931 1258 2996 emendationem
1362 2964 1363 3011 p

151 3017 288 3100 proinde
312 3018 509 3099 corrigatur,
535 3021 607 3080 Deo
628 3027 662 3079 et
683 3016 808 3082 Sanctis
829 3019 897 3082 suis
919 3017 1036 3078 habeat
1064 3013 1253 3090 contrarios,
1362 3014 1363 3093 l

152 3109 185 3162 et
209 3101 227 3162 ia
249 3099 414 3161 liminibus
429 3099 651 3166 ⁴Ecclesiarum
674 3099 834 3164 el'ficiatur
860 3109 1040 3176 extraneus,
1063 3106 1100 3158 et
1123 3097 1254 3176 iusuper
1362 3136 1363 3161 2

155 3182 273 3244 inferat
297 3182 329 3253 ei
363 3182 416 3246 cui
445 3183 620 3264 pulsaverit
648 3201 721 3245 uua
740 3203 815 3242 cum
834 3181 921 3244 socio
951 3181 1027 3248 fiseo
1051 3198 1129 3240 auro
1154 3178 1254 3239 libras
1362 3202 1363 3229 i

152 3273 287 3338 coactus,
304 3264 478 3340 exsolvat,
491 3273 523 3326 ct
537 3263 922 3346 *nihilomiuuspraasaus
945 3263 1060 3344 pagina
1078 3261 1168 3323 firma
1182 3281 1256 3342 per-

155 3357 296 3423 maneat,
324 3368 420 3427 quam
441 3368 538 3405 manu
559 3367 627 3408 mea
654 3345 782 3428 propriu
814 3346 922 3409 subter
944 3345 1079 3422 firmavi,
1099 3352 1131 3404 et
1154 3343 1255 3402 bono·

153 3450 226 3490 rum
250 3427 415 3489 hominum
440 3427 538 3510 signis
560 3429 610 3489 vel
632 3427 876 3516 allegationibus
898 3425 1110 3493 roborandam
1140 3425 1253 3486 decre-

155 3513 202 3585 vi,
224 3509 440 3594 stipulatione.
461 3505 598 3572 hctuin
621 3513 691 3571 loco
717 3505 785 3576 illoss

195 3697 197 3704 ,
276 3661 298 3717 ⁴,
318 3627 512 3705 Item'aliud
531 3641 810 3716 testamentumcd
826 3640 929 3720 locum
948 3625 1097 3722 sanctuni.

191 3825 192 3830 γ
219 3755 365 3828 Δ,ΧΧΗΩ
402 3757 518 3824 *2¹¹**,*
537 3779 663 3820 mausus
686 3765 719 3818 et
744 3756 908 3838 peculiare
928 3747 991 3816 seu'
1009 3753 1123 3816 merita
1143 3773 1256 3816 eornm

160 3848 289 3922 prester
309 3848 434 3904 tautum
450 3838 511 3901 villa
533 3840 643 3902 atille
667 3841 754 3911 loca,
778 3839 817 3899 ad
839 3839 999 3920 legitimos
1023 3836 1158 3898 heredes
1185 3857 1256 3898 scr-

158 3944 210 3990 vo.
239 3923 289 3984 =In
311 3922 439 4004 reliquo
469 3943 547 3984 vero
569 3942 628 4005 ego
658 3919 826 3983 iamdictus
849 3919 906 3982 ille
933 3928 1088 4002 quantum
1108 3917 1258 4002 superius

158 4018 207 4070 cst
245 4007 401 4070 insertum
427 4003 479 4068 vel
505 4002 789 4084 comprehensum,
822 4002 929 4064 omnia
959 4011 990 4064 et
1017 4001 1050 4062 in
1085 4000 1255 4074 omuibus,

158 4087 317 4172 quioquid
346 4085 411 4148 diei
432 4095 465 4151 et
490 4085 647 4149 nominari
671 4095 793 4167 potest,
818 4085 859 4147 ad
886 4084 1101 4166 'suprascripto
1131 4085 1257 4145 Menas·

158 4173 242 4235 terio
265 4168 399 4249 eiusque
423 4168 673 4251 congregatione
701 4167 735 4226 in
766 4165 919 4226 alimento
947 4187 1005 4226 seu
1029 4165 1063 4226 in
1095 4166 1255 4247 stipendia

160 4273 228 4324 seu„
236 4250 411 4316 schematis
435 4271 613 4333 pauperum
630 4250 670 4313 ed
691 4247 746 4311 die
763 4256 930 4332 praesente
955 4246 1053 4326 douo,
1074 4247 1175 4325 cedo,
1194 4258 1255 4310 tras
