2676 4976
182 284 255 359 all
632 275 834 350 'retinniat

181 445 400 525 obtemperare
430 435 661 497 subiectionem
694 455 794 494 meam
822 436 996 514 convenit,
1023 437 1079 496 sed
1111 444 1141 495 et
1171 440 1256 496 omnia
1328 419 1329 480 ἶ

179 525 326 610 quamvis
348 520 455 603 gravia
476 528 507 579 et
532 517 695 594 difficilia,
724 537 774 576 me
803 537 870 578 esse
897 539 1022 599 semper
1041 518 1257 600 paratissimum,
1328 559 1329 562 ,

182 612 310 670 Utinam
331 605 374 664 ita
395 601 603 684 probaveritis
624 599 860 680 experimento,
883 599 965 658 sicut
986 621 1063 682 ego,
1087 603 1257 660 memorsci-
1325 607 1326 610 ’

180 695 259 754 licet
278 685 510 750 beneficiorum
536 691 568 742 et
593 679 792 741 educationis
818 690 940 740 vestrae
961 682 1169 742 libentissime
1189 684 1258 742 vobis

181 773 350 836 ostendere
383 767 538 828 desidero.
593 764 733 823 Obsecro
764 783 840 822 vero
870 783 909 822 nc
938 785 1029 824 aures
1056 764 1258 846 sapientissimi

179 852 355 936 Magisterii
374 849 470 910 vestri
492 845 621 908 forsitan
651 843 807 920 offendat,
834 844 860 905 si
884 845 999 926 pietate
1019 856 1122 906 vestm
1143 847 1259 906 confisus

179 959 278 1000 urrann
300 931 511 1014 Apologiam‚
541 931 635 988 imino
657 925 895 1008 querimoniam
921 928 1011 989 vobis
1033 929 1211 1002 insinnare,
1237 939 1259 988 et

178 1021 285 1105 potius
307 1016 478 1096 implorare
498 1031 673 1092 praesumo.
718 1008 926 1070 solertissima
947 1019 1053 1071 vestra
1076 1011 1164 1070 novit
1179 1011 1259 1068 inan-

178 1104 255 1164 stria
276 1096 430 1181 quamdiu
456 1092 660 1174 Episcopinm
688 1089 768 1148 mihi
797 1092 997 1154 commissum
1025 1093 1063 1151 ab
1091 1091 1218 1152 infirmis
1236 1101 1260 1150 nt

178 1186 268 1247 senio
290 1177 421 1242 defessis
441 1176 625 1235 bominibus
644 1182 805 1232 retentum
830 1183 901 1244 est,
933 1175 1013 1234 adeo
1034 1184 1069 1233 nt
1090 1174 1152 1232 iam
1172 1195 1259 1232 nonas
1328 1203 1329 1206 ¹

179 1287 282 1327 anans
303 1282 385 1344 pene
406 1259 623 1327 situantur,
651 1275 691 1313 cx
712 1275 777 1335 quo
800 1256 907 1316 nullus
928 1277 1039 1317 eorum
1061 1257 1157 1336 ipsam
1177 1258 1260 1316 Paro-

179 1349 285 1410 chiam
306 1343 442 1404 circuire
463 1340 622 1422 potnerit,
645 1345 677 1396 ct
696 1357 755 1416 ego
778 1339 918 1398 seeundo
941 1339 1002 1398 iam
1024 1360 1110 1397 antio
1127 1339 1209 1396 illam
1224 1358 1259 1396 re.

178 1434 285 1491 tineus
307 1426 347 1486 ob
377 1423 650 1506 perturbationem
677 1419 779 1497 Reipl.
809 1440 1035 1501 causarumque
1058 1421 1218 1480 varietates
1236 1429 1259 1476 et

179 1511 308 1575 Domini
331 1506 392 1567 mei
415 1504 509 1586 Regis
530 1502 695 1565 servitium
719 1500 780 1560 nisi
803 1509 926 1560 tantum
947 1503 1110 1562 dimidiam
1131 1511 1258 1583 pertran-

178 1596 241 1659 sire
263 1591 362 1676 potui.
403 1588 445 1647 Et
467 1588 543 1647 licet
568 1586 600 1644 in
631 1583 695 1642 illis
723 1582 862 1663 partibus
891 1605 972 1666 quae
1003 1583 1108 1644 adhuc
1129 1584 1258 1656 visitari,

178 1699 245 1740 non
267 1675 340 1738 satis
361 1672 459 1730 multa
479 1690 576 1751 prava
597 1664 799 1742 invenerim,
822 1675 928 1725 metuo
950 1687 990 1726 ne
1012 1667 1097 1742 illis,
1120 1687 1193 1745 quas
1208 1685 1259 1722 1110·
1328 1709 1329 1722 ,

177 1765 219 1826 do
241 1759 328 1820 adire
350 1753 467 1826 debeo,
499 1750 634 1829 plurima
658 1745 788 1806 distorta
814 1755 845 1806 et
873 1748 1104 1828 incorrigibilia
1126 1746 1260 1828 insipien·
1328 1761 1329 1806 t

176 1845 252 1907 tiam
274 1859 375 1900 meam
397 1831 637 1913 deprehendere
659 1828 836 1908 contingat;
859 1851 939 1910 quae
961 1841 1065 1890 tamen
1088 1828 1259 1909 cumgratia
1328 1853 1329 1856 ¹

176 1925 239 1990 Dei
261 1933 292 1985 et
314 1917 472 1980 adiutorio
493 1911 700 1996 prudentium
728 1911 868 1970 virorum
891 1913 1128 1993 aliquantulum
1149 1909 1258 1971 eventi·

177 2013 265 2080 lare,
288 2013 322 2065 et
342 2003 500 2062 discutere
522 1993 736 2054 necessarium
757 2003 854 2073 puto,
879 2005 1047 2076 antequam
1069 1995 1109 2055 ad
1131 1992 1259 2052 notitiam

176 2099 313 2154 vestram
339 2092 371 2144 et
399 2078 561 2161 dignitatis
592 2086 711 2144 restrae
742 2085 773 2134 et
800 2085 904 2134 tantae
933 2077 1055 2157 Synndi
1083 2086 1147 2134 tam
1175 2074 1259 2132 multa

176 2175 257 2235 haec
279 2179 312 2231 et
332 2176 394 2226 tam
416 2160 521 2244 gravia
543 2160 585 2218 ita
615 2157 790 2216 incorrecta
819 2167 851 2216 et
871 2157 1044 2218 imliseussa
1066 2157 1257 2239 perveniant,
1328 2211 1329 2214 ,

178 2277 219 2316 ne
241 2248 356 2311 immet
384 2242 557 2327 peccatoris
585 2240 759 2299 ministerio
787 2239 860 2320 plus
889 2240 1067 2300 facinorum
1086 2250 1119 2300 et
1138 2236 1257 2318 flagitio-

176 2358 248 2398 rum
268 2327 470 2412 reperiatur,
492 2346 588 2406 quam
611 2323 643 2379 in
666 2321 788 2380 cunctis
809 2321 1078 2403 suffraganeorum
1098 2332 1258 2380 vestrorum

176 2411 366 2482 Parrochiis.
410 2409 485 2468 ldeo
510 2405 656 2486 supplico
690 2404 955 2466 mansuetissimae
981 2403 1189 2484 Religiositati
1214 2420 1257 2459 re-

177 2510 276 2572 strae,
298 2503 335 2554 ut
354 2492 381 2552 si
401 2499 524 2551 vestrae
543 2485 733 2568 benignitati
754 2487 930 2566 placuerit,
957 2508 1016 2568 per
1037 2486 1124 2545 hunc
1142 2483 1258 2544 Missum

177 2577 295 2644 vilitati
315 2594 403 2634 meae
424 2569 610 2630 remandare
633 2567 828 2647 dignemini,
851 2569 876 2628 si
897 2591 945 2628 me
967 2569 1005 2627 ab
1025 2567 1086 2627 hac
1107 2567 1259 2648 profectio.

179 2685 220 2724 ne
237 2666 421 2722 excusatum
439 2653 556 2712 habere
577 2650 699 2725 velitis,
723 2649 824 2710 donec
845 2651 967 2732 aliquid
987 2671 1099 2710 eorum
1121 2669 1199 2728 quae
1214 2644 1258 2704 mi·

177 2767 238 2806 rius
256 2741 359 2803 adhuc
373 2743 515 2798 correcta
528 2743 603 2793 sunt
623 2732 662 2792 ad
684 2753 824 2790 normam
846 2733 982 2792 institiae
997 2731 1135 2811 dirigere
1151 2749 1257 2809 queam.

162 2827 265 2888 'Nihil
290 2835 396 2884 tamen
425 2819 459 2876 in
487 2817 653 2878 voluntate
678 2835 748 2874 mea
776 2837 918 2894 ponens,
950 2823 1072 2874 vestrae
1100 2809 1258 2874 sanctitatis

179 2908 270 2970 iussis
292 2903 463 2984 impigrum
483 2921 533 2958 me
555 2897 707 2958 exhibere
729 2897 870 2956 studebo.
914 2898 1037 2957 Valete.

259 2985 383 3052 XXVI.
404 2982 617 3043 Dilectissimo
633 2986 665 3038 et
683 2977 917 3060 religiosissimo
934 2975 1158 3038 Consacerdoti
1179 2983 1207 3034 et
1219 2973 1257 3030 fir·

178 3074 317 3136 missimo
334 3067 434 3127 antico
454 3066 490 3125 N.
507 3062 685 3144 Episcopo,
708 3059 764 3119 ille
781 3061 953 3121 Brixiensis
969 3058 1133 3119 Ecclesiae
1151 3058 1257 3117 Pastor.

164 3159 321 3221 'Obsecro
340 3150 526 3210 fidelitatem
544 3153 696 3217 vestram,
719 3150 754 3200 nt
774 3144 931 3203 veraciter
950 3142 1028 3200 mihi
1048 3150 1079 3200 et
1101 3140 1258 3219 diligenter

177 3237 370 3302 demandare
398 3226 590 3311 dignemini,
620 3224 779 3305 quomodo
802 3245 834 3283 se
863 3246 983 3284 sumana
1005 3244 1113 3282 rerum
1141 3221 1255 3285 habeat,

176 3343 273 3404 quam
294 3314 396 3399 pacati
418 3313 502 3371 inter
522 3331 554 3370 se
580 3305 711 3368 Domini
738 3305 836 3366 nostri
859 3307 959 3387 Reges
979 3305 1063 3380 sint,
1091 3305 1126 3364 id
1146 3311 1191 3362 est
1210 3296 1258 3356 tilii

175 3397 368 3474 Hludovici,
392 3394 584 3477 qualemque
608 3409 718 3470 pacem
743 3391 780 3447 arl
803 3389 1028 3448 consobrinum
1054 3393 1146 3446 suum
1171 3384 1258 3442 lilium

176 3489 216 3548 K.
238 3486 451 3544 conservent:
472 3474 548 3554 quia
573 3493 629 3532 nos
658 3471 848 3530 habitatores
874 3470 1006 3544 ltaliae,
1036 3479 1068 3527 et
1096 3467 1198 3549 potius
1218 3466 1256 3520 ln·

175 3565 314 3650 quibui,
336 3583 395 3622 seu
419 3558 506 3640 quod
530 3552 724 3634 potissimum
749 3553 864 3612 veritas
890 3551 955 3633 ipsa
977 3559 1130 3625 testatur,
1158 3545 1256 3629 praeda

177 3671 265 3710 nunc
279 3647 411 3717 horum,
436 3637 684 3711 alamoinorum,
708 3655 800 3714 aegre
820 3634 912 3694 nimis
928 3642 1148 3712 expectamus,
1171 3631 1256 3689 donec

178 3732 266 3792 inter
283 3749 316 3789 se
340 3721 543 3785 concorditer
562 3717 786 3792 adinveniant,
809 3716 936 3774 cuinam
956 3715 1160 3776 Provinciam
1182 3711 1256 3769 istam

177 3812 356 3882 concedere
380 3806 496 3873 velint;
519 3810 555 3860 ut
573 3798 645 3876 illi,
667 3809 761 3878 prout
786 3807 927 3878 oportet,
955 3796 1160 3878 singulariter
1177 3789 1257 3852 subii·

90 3899 93 3904 ’
177 3897 319 3959 ciamus:
347 3885 483 3952 caeteris
513 3883 624 3955 etiam,
654 3881 687 3938 in
713 3880 830 3962 quibus
858 3879 1028 3961 possimus,
1057 3877 1133 3938 laeti
1153 3872 1255 3935 servia-

154 3987 157 3996 '
177 3999 258 4040 mus.
299 3977 347 4034 De
368 3969 514 4050 sospitate
536 3963 709 4024 sanctitatis
729 3972 849 4022 vestrae
868 3971 990 4022 certum
1008 3983 1058 4020 me
1077 3959 1257 4036 redderent·

177 4061 268 4136 litis,
291 4066 324 4117 et
349 4052 459 4115 vestris
481 4052 612 4108 Romam
638 4045 861 4126 pergentibus,
890 4065 948 4104 seu
972 4042 1108 4122 reliquis
1136 4061 1190 4121 pro
1212 4053 1257 4094 sua

178 4139 363 4217 necessitate
385 4131 508 4195 ltaliam
530 4129 711 4211 petentibus
731 4127 892 4202 intimate,
914 4135 950 4185 ut
973 4126 1079 4184 adme
1098 4122 1256 4184 divertant,

175 4232 210 4287 et
231 4225 265 4284 in
276 4229 382 4285 vestro
399 4217 520 4278 honore
537 4212 581 4274 eis
598 4212 707 4294 aliqua
718 4209 899 4292 impendam
915 4201 1070 4273 subsidia:
1092 4215 1124 4267 et
1138 4205 1178 4266 de
1190 4205 1257 4264 statu
