2684 4990
468 298 513 353 un
533 289 668 354 oanr'us
686 299 829 376 rataru
1126 285 1195 359 '771

90 453 119 498 et
138 443 358 504 constillatione,
377 436 664 501 studiumuabersns,
682 445 765 510 prout
783 445 851 491 tun'c
868 439 914 492 r'ei'
924 442 977 493 v'el'
985 445 1114 515 temporis
1131 438 1204 516 quali

81 519 152 568 ‘lpas
172 514 307 580 exigebat,
328 521 375 563 aut
394 509 536 562 eonsilium
555 510 677 578 pleniter
692 510 765 572 dare,
787 508 854 579 quid
872 509 959 574 fieret,
979 522 1026 565 aut
1045 527 1119 568 cert'c
1132 525 1202 586 quod

89 582 601 654 modoadeptaefinitatemporascum
620 579 751 640 consilio,
779 588 807 630 et
825 578 927 648 absque
953 581 1010 632 ullo
1036 585 1205 640 detrimento‘

89 673 131 707 res
145 655 246 707 eadem
265 650 399 722 expectari
417 651 463 704 vel
479 649 624 702 sustentari
642 651 783 718 potuisset.
819 649 894 702 Haec
914 650 948 700 de
965 652 1133 710 maioribus.'
1165 656 1207 693 'ff'

158 779 286 832 XXXIII.
321 779 361 829 Da
380 775 528 828 minoribus
546 793 627 836 vcro,
646 777 692 829 vel
710 776 814 846 proprie
832 777 978 841 Palatinis,
1006 778 1046 830 ita
1071 789 1103 836 ut
1128 781 1205 834 diuis:

88 867 164 912 mos,
190 868 246 901 non
272 847 437 914 generaliter¹
457 847 492 897 ad
516 849 635 910 Regnum
661 845 881 914 pertinentibus,
911 848 959 898 sed
984 845 1203 918 specialiter-‘ae

89 937 217 990 personas
235 935 353 988 quasque
371 915 598 986 respicientibus,
618 931 691 984 quae
706 916 863 984 specialiter
879 918 983 984 Palatio
1008 919 1204 984 imminebant,

90 1009 153 1042 cum
173 991 210 1042 eis
230 987 351 1058 dominus
370 1005 460 1038 rerum
484 987 523 1036 ita
547 986 690 1036 inconfuse
716 986 841 1038 ordinare
866 988 1015 1055 potuisset,
1040 999 1073 1041 ut
1097 991 1204 1044 exinde·

89 1077 146 1114 non
165 1061 248 1112 solum
268 1057 461 1108 detrimentum
481 1057 569 1106 ullum
589 1055 717 1115 oriretur,
744 1074 836 1108 verum
857 1059 937 1108 etiam
955 1067 1060 1121 ortum,
1082 1069 1130 1111 aut
1147 1061 1206 1111 iar-a

89 1131 193 1182 minens
211 1127 314 1179 utiliter
331 1134 380 1177 aut
398 1125 529 1190 mitigari,
555 1132 603 1175 aut
620 1125 743 1176 funditus
761 1124 902 1190 extingui,
931 1135 980 1177 aut
1007 1130 1088 1179 etiam
1115 1131 1206 1182 evellii

88 1201 227 1270 potuisset.
247 1198 274 1248 Si
293 1213 356 1248 vero
374 1195 438 1247 talis
457 1203 527 1246 essct
546 1211 645 1256 causa,
666 1202 696 1245 ut
712 1194 854 1246 velocitati
870 1195 1040 1256 immineret,
1062 1206 1206 1252 ettamen

88 1270 260 1338 aliquatenus
278 1283 365 1338 usque
383 1265 417 1316 ad
436 1264 560 1328 generale
579 1265 717 1332 placitum*
730 1281 841 1334 quoquo
859 1267 942 1334 pacto
964 1269 1126 1330 sustentari,
1154 1271 1205 1322 uele

87 1341 145 1392 sine
166 1344 298 1407 peccato,
318 1343 366 1387 aut
383 1335 440 1384 sine
459 1335 626 1388 contumelia
643 1331 796 1404 potuisset,
814 1334 866 1404 ipsi
884 1334 994 1385 modum
1016 1336 1136 1388 eiusdem
1155 1345 1203 1391 sus

86 1408 259 1461 'stentationis
278 1422 311 1456 ex
328 1404 468 1474 praedicto
486 1404 578 1454 maiori
598 1422 648 1455 usu
667 1404 809 1456 consilium
829 1404 912 1455 dandi
930 1404 1047 1465 scirent,
1075 1415 1106 1459 et
1127 1407 1205 1476 sapia

88 1479 189 1532 entiam
209 1476 325 1546 priorum
344 1472 442 1524 imitati
467 1473 570 1544 placite
595 1475 673 1533 Duo,
700 1483 728 1524 et
754 1473 860 1526 utiliter
885 1475 974 1540 Regno
998 1474 1106 1526 interim
1136 1479 1200 1529 darc

86 1549 247 1620 potuissent.
282 1545 464 1594 Praefatorum
490 1551 580 1594 autem
608 1543 826 1595 Consiliariorum
853 1543 989 1599 intentio,
1025 1545 1136 1614 quando
1164 1547 1204 1614 ad.
1229 1557 1230 1564 ¹

85 1617 219 1693 palatium
239 1614 470 1674 convocabantur,
488 1613 517 1663 in
535 1612 588 1664 hoc
605 1613 751 1681 praecipue
769 1613 892 1680 vigebat,
927 1623 958 1666 ut
977 1631 1032 1666 non
1051 1615 1181 1684 speciales
1192 1611 1207 1684 3³

85 1689 132 1741 vel
149 1686 299 1750 singulares
314 1699 493 1753 quascunque
525 1683 570 1734 vel
598 1699 833 1753 quorumcumque
856 1701 972 1746 causas,
1000 1683 1048 1734 sed
1074 1701 1125 1741 nec
1151 1682 1207 1736 etlss‘

87 1775 133 1808 am
160 1756 286 1816 illorum,
314 1756 360 1824 qui
379 1771 426 1824 pro
447 1753 671 1804 contentionibus
689 1771 776 1804 rerum
795 1761 841 1804 aut
860 1753 950 1818 legum
967 1739 1206 1820 veniebantmrg²

86 1827 222 1894 dinoscet,
243 1841 386 1894 quousque
404 1824 470 1884 illa,
490 1839 560 1892 quae
578 1823 739 1888 generaliter
757 1823 791 1874 acl
810 1823 942 1886 salutem,
961 1824 1005 1877 vel
1024 1832 1125 1875 statum
1150 1822 1204 1893 itep-

85 1895 124 1962 gis
151 1903 180 1946 et
208 1895 288 1962 Regni
313 1894 488 1963 pertinebant
506 1893 623 1943 Domino
642 1893 786 1946 miserante
811 1893 934 1944 ordinata
961 1891 1131 1946 habuissent.
1167 1891 1207 1947 Ef

85 1975 154 2018 tunc
173 1964 293 2026 demum,
315 1964 337 2016 si
356 1963 424 2016 forte
442 1963 499 2015 tale
518 1961 624 2031 aliquid
643 1964 749 2014 Damno
766 1979 827 2027 rege
853 1962 1039 2030 praecipiente
1064 1954 1209 2034 reservari-²·

85 2036 150 2086 dum
170 2043 245 2095 crat,
273 2033 348 2103 quod
371 2033 428 2084 sine
448 2051 538 2084 eorum
559 2041 632 2084 certa
651 2033 866 2084 consideratione
885 2031 1058 2092 determinari
1078 2051 1094 2084 a
1112 2026 1208 2086 Comi-¹

85 2114 114 2158 te
132 2105 250 2166 Palatii,
268 2105 313 2156 rel
332 2121 347 2154 a
367 2103 488 2166 caeteris,
509 2099 609 2172 quibus
628 2102 825 2169 congruebaut,
845 2119 900 2158 non
918 2087 1059 2176 poluisset.
1203 2094 1208 2110 '

154 2205 278 2258 XXXIV.
315 2205 451 2262 Procaaas
467 2219 533 2256 vero
551 2201 699 2272 praedicti,
721 2203 777 2256 sive
794 2204 824 2254 in
841 2202 895 2256 hoc
905 2241 913 2268 ,
932 2204 989 2257 sive
1006 2204 1036 2257 in
1055 2205 1105 2258 illo
1123 2225 1210 2276 prae-r

86 2275 142 2326 fato
159 2275 279 2345 placito,
301 2274 368 2344 quin
387 2282 414 2324 et
432 2273 509 2342 primi
530 2273 672 2324 Senatores
691 2273 789 2337 Regni,
808 2291 843 2324 ne
862 2275 938 2342 quasi
955 2274 1014 2326 sine
1034 2292 1115 2328 causa
1134 2295 1208 2339 con·n

85 2345 176 2398 vocari
194 2345 433 2409 viderentur,mox
449 2343 613 2407 auctoritate
624 2341 695 2408 regia
713 2359 760 2410 per
777 2343 951 2396 denominata
969 2355 996 2396 et
1014 2340 1139 2398 ordinata
1157 2365 1208 2401 css-t

85 2414 193 2482 pilula,
214 2432 285 2483 quae
302 2414 347 2467 vel
366 2412 399 2462 ab
418 2411 476 2480 ipso
494 2429 542 2481 per
559 2411 763 2480 inspirationem
782 2402 834 2462 Dar
853 2413 984 2474 inventa,
1012 2416 1057 2466 vel
1075 2416 1210 2487 undique,

86 2483 138 2533 sibi
156 2486 283 2536 nuntiata
300 2491 471 2552 postfeorum
490 2481 642 2533 abscessum
660 2483 806 2551 praecipue
831 2482 957 2543 fuerant,
984 2483 1022 2536 eis
1047 2485 1082 2548 ad,
1107 2488 1208 2544 canfen

83 2552 218 2613 rendum,
239 2554 283 2604 vel
302 2553 336 2603 ad
355 2551 581 2604 considerandum
600 2553 825 2620 patefacta-sunt.
863 2551 970 2622 Quibus
995 2556 1131 2623 susceptis
1156 2557 1209 2608 in-r'i

84 2621 192 2673 terdum
213 2623 258 2674 die
279 2639 350 2683 uno,
371 2622 508 2673 interdurn
536 2621 641 2680 hiduo,
660 2621 797 2673 interdum
825 2620 906 2673 etiam
931 2621 1041 2682 triduo,
1069 2626 1114 2676 vel
1143 2643 1208 2678 arn-i

71 2691 171 2760 plius,
191 2700 271 2761 prout
284 2710 372 2744 rerum
389 2689 498 2760 pondus
518 2690 664 2762 expetebat
682 2698 803 2758 accepto
823 2707 855 2740 ex
875 2691 1019 2760 praedictis
1044 2693 1211 2752 domesticisr

83 2761 181 2830 palatii
200 2761 284 2813 missis
301 2760 562 2824 iutercurrentibus,
582 2778 710 2830 quaeque
728 2759 779 2810 sibi
803 2759 968 2812 videbantur
985 2761 1210 2828 interrogantem

83 2847 296 2900 responsumque
310 2831 488 2898 recipIentes,
507 2839 564 2880 tam
583 2831 630 2881 diu
648 2831 686 2880 ita
703 2829 781 2880 nullo
800 2839 929 2880 extraneo
947 2832 1211 2952 appropinqirante„=

83 2902 178 2952 donec
197 2917 237 2950 res
255 2899 378 2966 singulae
398 2901 576 2951 ad'effectum
596 2899 744 2968 perductae
762 2898 869 2962 gloriosi
894 2899 1026 2967 Principis
1045 2918 1079 2952 air
1102 2900 1152 2954 itui
1170 2903 1211 2965 ta,-

85 2970 166 3022 sacris
186 2969 243 3020 eius
262 2969 404 3023 obtutibus
423 2978 642 3038 exponerentur,
665 2976 693 3019 et
711 2967 845 3038 quicquid
864 2967 930 3019 data
955 2985 970 3018 a
989 2971 1047 3020 Deo
1066 2972 1217 3040 sapientia,

86 3040 145 3090 eius
165 3039 293 3104 elfgeret,
313 3057 405 3092 omnes
424 3047 611 3109 sequerentur.
648 3039 721 3090 Ecce
739 3038 811 3090 sicut
829 3038 864 3090 de
882 3055 948 3098 uuo,
968 3037 1007 3092 ita
1027 3037 1062 3092 de
1080 3040 1210 3102 dunbuaar

86 3109 132 3159 vel
151 3117 288 3178 quotquot
306 3117 396 3162 essent
414 3110 541 3178 capitulis
560 3107 698 3173 agebatur,
716 3124 860 3180 quousque
879 3107 1036 3160 omniaDno
1054 3110 1213 3170 miserantes

86 3177 163 3230 illius
180 3179 309 3248 temporis
326 3179 478 3233 necessaria
497 3179 687 3250 expolirentur.
1053 3179 1054 3182 ’

156 3295 264 3350 XXXV.
299 3299 410 3348 luraaru
429 3313 502 3358 vero,
522 3313 576 3365 quo
593 3294 663 3347 haec
681 3295 710 3346 in
730 3295 806 3360 Regis
824 3293 947 3346 absentia
965 3276 1123 3360 agebantui,
1134 3269 1210 3367 ΧἰἪεῬ

86 3363 213 3432 Princeps
239 3365 363 3434 reliquae
382 3366 551 3417 multitudini
581 3366 611 3416 in
637 3362 816 3434 suscipiendis
842 3364 1015 3425 muneribus,
1048 3367 1198 3421 salutandis

86 3435 262 3502 proceribus,
282 3435 484 3488 confabulando
501 3436 585 3486 rarius
602 3435 675 3497 visis,
695 3435 885 3504 compatiendo
902 3433 1061 3498 senioribus,
1076 3439 1211 3502 ,cengansst

87 3503 180 3556 dendo
197 3504 365 3568 iunioribus,
385 3515 413 3557 et
432 3516 539 3559 caetera
555 3504 597 3555 his
617 3506 716 3558 similia
733 3513 788 3559 tam
807 3505 835 3555 in
854 3504 1039 3574 spiritalibus,
1059 3504 1210 3577 quaruquei

89 3584 118 3625 et
136 3574 164 3625 iu
182 3576 367 3628 saecularibus
386 3583 534 3646 occupatus
554 3583 624 3627 erat:
642 3575 682 3628 ita
698 3585 808 3636 tamen,
834 3583 865 3625 ut
884 3576 1122 3646 quotienscunque
1145 3573 1212 3630 *saal

88 3652 253 3710 gregatorum
270 3648 396 3708 voluntas
415 3655 500 3707 esset,
527 3645 563 3697 ad
589 3663 634 3698 eos
657 3646 780 3705 veniret,
806 3642 931 3696 similiter
955 3661 1066 3714 rproque
1094 3641 1212 3717 quantus

88 3715 177 3782 spatio
195 3715 344 3768 voluissent
363 3733 424 3773 cum
444 3715 482 3766 eis
501 3715 723 3776 consisteremus
743 3713 896 3766 cumomni
915 3713 1110 3778 familiaritate,
1129 3729 1213 3784 quaer

88 3784 151 3836 liter
168 3785 272 3850 singula
290 3794 396 3854 reperta
414 3785 589 3846 habuissent,
615 3785 796 3845 referiebant,
826 3793 984 3854 quantaque
1008 3793 1106 3836 mutua
1131 3781 1214 3840 bin'etl'

90 3863 118 3906 et
135 3854 199 3906 inde
218 3855 395 3908 altercatione
414 3857 456 3907 vel
475 3855 677 3924 disputatione,
697 3871 744 3906 seu
763 3855 849 3905 amica
869 3853 1044 3924 contentione
1063 3850 1214 3908 decenus!

89 3932 165 3987 sent,
185 3927 302 3994 apertius
320 3924 480 3978 recitabant.
517 3924 571 3976 Sed
588 3940 640 3976 nec
657 3924 728 3975 illud
745 3923 1032 3992 praetermittendum,
1055 3922 1234 3994 'quorrlodtsa¹

89 3995 111 4047 si
129 4003 233 4063 tempus
251 4009 375 4049 serenum
395 4003 468 4056 erat,
489 4002 584 4059 extra,
603 3995 643 4045 sin
661 4003 770 4055 autem,
798 3992 869 4042 intra
887 3991 1213 4058 sternutamentum?

92 4075 137 4116 cta
156 4072 247 4125 erant,
268 4065 316 4117 ubi
336 4073 364 4115 et
380 4064 408 4114 bi
427 4063 599 4115 abundanter
615 4060 918 4131 segregati‘semotinl-t!
931 4069 963 4113 at
980 4067 1213 4118 sacramentnm

30 4155 37 4162 ·
90 4133 157 4186 tudo
175 4134 316 4202 separatim
332 4135 449 4192 residere
467 4133 627 4206 posuissent,
647 4133 720 4204 prius
736 4127 1213 4204 ssaeazrsssasemntnnespata

90 4219 170 4255 senae
194 4203 322 4256 interesse
347 4205 456 4257 minime
480 4203 660 4272 ‘protulissentr
674 4203 914 4271 '‘Quae'utraqae
926 4198 1214 4258 summasunmna

91 4275 285 4344 susceptarum·
299 4273 617 4340 sterinsuobusutrtsa
639 4269 916 4342 -truanuusrpmm
936 4271 1214 4344 oamssutiptsdqdea
