2734 4990
554 305 800 362 amnonnnte
822 275 827 288 “
1166 290 1234 364 dot

127 459 219 520 dnm.
264 452 299 516 si
323 473 392 534 quas
413 467 502 527 ver0,
525 449 613 532 qno'd
637 447 707 506 lieri
732 467 797 506 non
827 447 944 523 credo,
979 447 1148 528 siluerit,
1184 461 1239 513 aut

128 559 191 620 ego
215 538 303 618 ipse,
325 543 379 594 aut
400 533 487 593 ullus
514 533 553 592 de
577 528 751 592 heredibus
777 529 876 605 meis,
904 529 961 610 qui
987 540 1101 591 contra
1122 536 1238 594 vendi-

127 621 257 680 tionem
274 617 360 677 istam
381 615 494 676 venire
515 623 569 672 aut
591 634 660 674 eam
681 611 857 692 infringere
876 612 1060 682 tentaverit,
1083 614 1157 675 fisco
1178 617 1240 676 dis·

133 701 277 761 cutiente
298 697 416 759 solidos
437 691 569 777 triginta
591 695 709 754 multae
733 703 922 776 componat,
951 703 983 755 et
1011 697 1100 778 quod
1120 700 1240 781 repetit

135 781 220 842 nihil
242 780 412 858 evindicet,
434 781 490 841 sed
511 786 659 860 praesens
681 785 740 836 etc.

529 909 560 972 V
559 909 675 972 coditio
698 909 737 969 de
759 923 857 972 terra·

214 1029 270 1088 111.
313 1027 455 1087 Domino
477 1024 647 1108 magnifico
672 1025 762 1084 fratri
784 1023 834 1083 illi
856 1025 1012 1106 emptori,
1035 1047 1094 1108 ego
1118 1028 1151 1088 in
1178 1027 1239 1090 Dei

132 1112 263 1172 nomine
293 1111 350 1171 ille
378 1109 536 1173 venditor.
587 1109 817 1183 Constat'me,
845 1130 909 1167 non
934 1109 1125 1194 ,imaginario
1149 1111 1240 1188 inre,

130 1183 193 1254 nec
218 1195 288 1252 ullo
310 1193 454 1272 cogentis
477 1189 632 1271 imperio,
654 1188 711 1249 sed
730 1188 862 1270 proprio
883 1190 1057 1251 volontatis
1078 1213 1167 1252 meae
1188 1213 1241 1253 ar-

128 1275 227 1336 bitrio
252 1275 310 1334 tibi
333 1275 486 1349 vendere,
509 1272 594 1354 quod
619 1273 661 1332 ita
684 1279 717 1328 et
739 1269 871 1330 vendidi
896 1272 955 1330 tibi
978 1273 994 1332 a
1017 1273 1070 1333 die
1091 1295 1242 1355 praesen-

129 1359 154 1418 ti
177 1357 336 1418 bunuaria
358 1363 445 1414 tanta
466 1357 504 1415 de
526 1364 612 1414 terra
635 1351 766 1428 arabili,
791 1353 825 1410 in
847 1353 918 1413 loco
941 1367 1148 1436 nuncupante
1171 1358 1240 1434 illo,

104 1427 108 1435 ¹
130 1441 189 1521 qui
212 1455 260 1500 est
280 1440 313 1498 in
336 1458 416 1519 pago
443 1436 511 1512 illo,
542 1457 639 1515 quem
658 1437 698 1496 de
716 1442 806 1515 parte
829 1446 1161 1516 parentummeorum
1175 1449 1240 1500 tarn

131 1523 221 1583 etde
241 1522 333 1582 alode
347 1514 449 1598 'quam
471 1529 504 1578 et
532 1520 571 1578 de
595 1526 775 1599 comparato
798 1518 851 1576 vel
877 1517 916 1577 de
935 1519 1081 1598 quolibet
1098 1521 1239 1584 adtracto

132 1604 173 1664 ad
194 1625 245 1665 me
266 1602 391 1683 legibus
413 1599 562 1675 obvenit,
588 1600 651 1658 boc
673 1609 729 1676 est,
753 1600 792 1659 dc
811 1621 877 1660 nno
900 1601 999 1660 latere
1023 1611 1127 1663 terrae
1151 1605 1240 1666 illius

132 1685 314 1766 subiungit,
337 1685 386 1743 de
404 1681 467 1740 alio
490 1681 588 1742 latere
611 1681 670 1755 illi,
693 1691 725 1742 et
745 1681 785 1741 de
808 1703 874 1742 uno
897 1683 1005 1742 fronte
1021 1691 1123 1746 terrae
1140 1685 1239 1762 illius,

135 1769 175 1828 de
199 1768 262 1826 alio
285 1787 360 1826 vero
383 1767 487 1823 fronte
509 1783 568 1845 per
593 1762 673 1824 riam
692 1763 863 1843 publicam.
904 1765 947 1824 Et
970 1766 1079 1847 accepi
1103 1766 1120 1825 al
1147 1777 1179 1828 te
1194 1770 1238 1826 'in

90 1845 92 1854 ’
133 1851 240 1932 pretio
261 1857 367 1908 taxato
382 1867 438 1926 pro
460 1844 531 1920 hoc,
554 1845 640 1904 iuxta
662 1846 749 1925 quod
771 1845 848 1904 mihi
869 1846 952 1906 bene
975 1849 1169 1928 complacuit
1186 1851 1239 1910 vel

133 1919 331 1992 conventum
353 1928 424 2005 fnit,
446 1926 566 1988 solidos
588 1938 709 2004 tantos,
739 1929 781 1987 ita
802 1937 838 1987 nt
858 1928 897 1987 ab
917 1927 977 1988 bac
1005 1931 1056 1990 die
1082 1951 1238 1990 memora-

132 2021 200 2074 tam
222 2021 342 2097 terram
368 2009 518 2091 superius
546 2009 806 2085 denominatam,
839 2031 935 2091 qnam
964 2010 1004 2072 de
1032 2033 1083 2072 me
1116 2012 1239 2094 legibus

25 2094 29 2101 ’
133 2093 332 2174 comparasti,
355 2092 455 2173 ipsam
476 2091 561 2152 banc
586 2091 713 2166 habeas,
733 2101 853 2168 teneas,
873 2091 1051 2173 possideas,
1074 2093 1239 2176 velquic·
1274 2101 1276 2106 '

133 2177 213 2256 quid
226 2175 348 2238 exinde
362 2177 467 2234 facere
484 2174 637 2250 volueris,
661 2173 762 2232 libera
784 2173 816 2232 in
836 2175 994 2252 omnibus,
1017 2175 1146 2236 Christo
1161 2200 1238 2260 pro·

132 2259 224 2341 pitio,
254 2259 287 2317 in
315 2267 369 2318 tua
395 2265 580 2340 permaneat
603 2264 758 2339 potestate
781 2256 972 2318 faciendum.
993 2258 1036 2318 Et
1061 2268 1194 2326 caetera.

375 2363 533 2443 ¹Venditio
556 2379 595 2442 de
615 2399 708 2466 servo
730 2380 775 2442 ad
793 2381 975 2446 Ecclesiam.

213 2500 273 2566 IV.
313 2501 415 2559 Breve
429 2498 463 2556 in
484 2496 587 2579 ricem
608 2496 804 2557 venditionis
820 2497 960 2578 qualiter
977 2501 1124 2563 vendidit
1140 2502 1236 2566 homo

131 2583 248 2666 aliquis
270 2582 401 2642 nomine
422 2578 478 2639 ille
496 2579 537 2638 ad
556 2578 734 2638 Ecclesiam
756 2579 897 2660 aliquam
913 2583 1042 2644 nomine
1063 2585 1150 2645 illam
1167 2610 1236 2649 ver·

131 2669 281 2728 naculum
298 2665 392 2724 sirum
414 2661 545 2727 nomine
563 2659 668 2736 illum,
690 2662 708 2720 d
733 2659 785 2722 die
807 2675 993 2742 praesente,
1024 2688 1089 2726 non
1117 2670 1239 2746 furem,-

134 2771 197 2810 non
218 2748 410 2830 fugitivum,
439 2766 503 2802 non
521 2743 689 2820 cadivum,
712 2764 771 2802 nec
799 2745 902 2807 ultum
923 2747 1038 2808 vitium
1063 2749 1095 2807 in
1118 2771 1151 2810 se
1173 2751 1233 2810 ba·

132 2831 278 2908 beatem,
299 2829 355 2890 sed
376 2827 409 2885 in
428 2825 516 2888 omni
537 2846 669 2906 corpore
697 2826 815 2886 scimus
836 2848 911 2887 eum
930 2850 1043 2891 sanum
1069 2853 1170 2916 usque
1192 2835 1232 2896 ad

137 2934 253 2981 annum
273 2921 306 2974 ct
324 2910 418 2971 diem.
458 2910 501 2970 Et
519 2907 603 2968 sicut
622 2908 768 2990 superius
790 2905 909 2970 factum
930 2921 985 2972 est.

405 3043 409 3052 '
489 3042 627 3104 Donatio
646 3041 692 3104 ad
708 3064 862 3128 sponsam.

143 3181 147 3187 ·
216 3155 257 3216 V.
292 3159 384 3218 ¹Dum
408 3157 564 3218 Dominus
586 3156 624 3216 ab
647 3156 741 3216 initio
766 3157 925 3218 concessit
948 3157 982 3218 in
1012 3159 1114 3222 veteri
1139 3173 1232 3228 testa.

131 3249 238 3301 mento
260 3249 292 3300 et
314 3239 475 3322 praecepit
494 3248 531 3300 ut
545 3239 707 3319 relinquat
728 3238 825 3298 homo
841 3249 965 3320 patrem
990 3252 1024 3302 et
1043 3255 1175 3307 matrem
1199 3261 1231 3310 et

130 3323 301 3383 adhaereat
321 3344 396 3382 suae
411 3321 512 3398 uxori,
534 3330 569 3380 nt
582 3321 647 3380 sint
663 3322 726 3382 dno
744 3321 890 3382 incarne
912 3344 992 3398 una,
1015 3333 1047 3385 et
1067 3331 1155 3409 quod
1167 3335 1232 3392 Do.

128 3405 235 3466 minus
255 3404 436 3481 coniunxit,
458 3403 551 3462 bomo
574 3424 638 3462 non
660 3412 795 3483 separet.
833 3405 903 3485 Ego
925 3406 1013 3467 enim
1038 3409 1071 3468 in
1094 3413 1156 3473 Dei
1170 3437 1229 3474 no.

128 3485 215 3549 mine
237 3487 311 3563 illc,
346 3485 547 3548 dulcissimae
568 3485 699 3566 coniugi
726 3505 815 3547 meae
839 3486 920 3546 illi..·
949 3491 1033 3550 Dum
1056 3503 1089 3552 ct
1116 3515 1176 3578 ego
1198 3507 1229 3559 te

125 3591 189 3652 per
214 3569 352 3629 solidum
380 3577 413 3629 et
433 3568 604 3629 denarium
630 3568 806 3628 secundnm
834 3569 951 3650 Legem
975 3573 1113 3636 Salicem
1142 3576 1229 3641 vistis

124 3651 177 3710 fui
201 3673 361 3732 sponsare,
391 3651 464 3710 ideo
493 3651 526 3708 in
551 3649 617 3730 ipsa
640 3651 754 3711 amoris
782 3650 955 3715 dulcedine
978 3652 1058 3717 dabo
1081 3679 1157 3741 ergo
1185 3664 1228 3723 ti-

124 3733 161 3792 bi
184 3733 201 3792 d
223 3735 274 3793 die
304 3743 485 3816 praesente,
508 3732 595 3812 quod
627 3731 660 3791 in
687 3745 878 3814 perpetuum
906 3739 982 3796 volo
1007 3759 1074 3801 esse
1098 3764 1228 3806 mansu-

125 3837 219 3891 rum,
251 3837 320 3878 rem
343 3836 403 3896 pro
434 3816 580 3894 portione
602 3836 671 3874 mea
692 3815 724 3872 in
748 3819 820 3875 loco
839 3831 1045 3900 nuncupante
1067 3824 1148 3903 illo,
1171 3828 1229 3908 qui

127 3907 176 3958 est
196 3897 230 3956 in
251 3919 331 3979 pago
355 3898 424 3972 illo,
436 3918 518 3976 qaae
541 3897 579 3955 de
601 3907 690 3976 parte
709 3907 877 3978 parentum
897 3923 1042 3962 meorum
1058 3907 1097 3969 ad
1114 3929 1165 3969 me
1185 3911 1230 3970 le.

128 3979 221 4062 gibus
242 3978 384 4056 obvenit,
406 3979 468 4038 hoc
488 3987 545 4054 cst,
568 3979 599 4036 in
622 3979 687 4058 ipsa
708 3981 869 4058 portione,
891 3985 1007 4044 mansis
1029 3988 1067 4046 ad
1090 4010 1229 4050 comma·

127 4061 283 4139 nendum,
299 4083 370 4121 cum
387 4062 533 4134 casticiis,
547 4059 763 4142 suprapositis,
786 4063 1074 4145 terrisarabilibus,
1087 4081 1119 4130 ot
1137 4093 1226 4133 niun.
1243 4089 1247 4102 ··
1352 4077 1353 4082 ’

127 4142 230 4226 cipiis,
252 4145 304 4206 ael
332 4145 489 4225 (pricquid
512 4143 544 4201 in
570 4142 637 4222 ipsa
659 4143 807 4223 portione
831 4147 878 4202 est
899 4155 1072 4227 aspectam,
1094 4155 1152 4213 tibi
1178 4159 1230 4218 di.

127 4245 166 4287 eo
191 4247 257 4288 esse
280 4227 433 4288 donatum
459 4235 555 4308 atque
579 4227 752 4296 firmatum;
786 4235 822 4286 ut
843 4230 972 4310 quando
996 4230 1047 4290 die
1077 4235 1227 4300 felicissi.

864 4343 982 4420 ,26
