2676 4976
487 269 772 360 exonersnonun
1121 288 1210 360 565-

465 443 613 504 Hominis
635 445 822 510 coninratio.
881 442 883 450 ’
951 440 953 449 ’

103 577 108 588 ·
171 561 302 624 Adiuro
321 571 372 638 tc,
392 555 507 638 trumo,
532 568 563 622 et
593 567 755 622 contestor
777 581 836 642 per
860 561 988 623 Patrem
1011 570 1047 624 et
1072 565 1214 626 Filium*

87 657 119 709 et
142 645 300 728 Spiritum
318 652 472 719 sanctum,
494 650 527 702 et
543 662 604 722 per
625 651 764 704 sanctam
783 651 815 704 et
836 642 1033 707 individuam
1054 648 1193 708 Trinita-

86 740 166 805 tem,
191 737 224 790 et
246 747 303 808 per
329 747 440 790 omues
458 725 601 805 Angelos
628 733 661 784 et
679 723 916 806 Archangelua,
946 736 981 800 st
1002 750 1062 810 per
1083 751 1193 792 omnes

87 809 292 890 Principatns
310 817 344 869 et
363 809 550 884 Potestates,
571 807 814 868 Dominatioues
833 819 962 891 quo'que
986 821 1019 871 et
1039 811 1194 888 Virtutes,

89 905 124 954 et
146 913 204 974 per
223 890 281 952 Dei
308 889 422 957 sedilia
453 887 617 948 Cherubin
640 897 671 950 et
693 887 862 970 Seraphin,
884 901 917 952 et
943 914 1002 974 per
1026 894 1110 954 diem
1133 903 1196 966 ere.

89 975 242 1038 mendum
270 971 386 1036 iudicii
414 971 651 1050 Dei,·nccnou
677 982 710 1034 et
741 971 855 1054 viginti
884 983 1023 1054 quatuor
1043 975 1204 1037 seniores

90 1057 148 1140 qui
172 1054 316 1138 qnotidie
348 1054 482 1115 landant
507 1055 631 1132 Deum,
660 1062 693 1114 et
718 1072 778 1136 per
798 1064 937 1136 quatuor
964 1057 1196 1139 Evangeliatas,

90 1151 123 1201 et
141 1139 350 1222 per-sanctos
372 1157 502 1218 qnoque
524 1133 704 1218 Apostolos,
726 1137 899 1218 Martyres,
927 1147 959 1198 et
977 1139 1196 1217 Confessores,

87 1243 217 1296 neesson
240 1229 275 1280 et
296 1241 355 1303 per
376 1231 514 1280 sanctam
543 1219 731 1300 genitricem
752 1219 815 1280 Dei
844 1219 997 1297 Mariana,
1020 1241 1196 1304 omnesque

85 1302 259 1384 Virgines,
281 1310 323 1364 et
346 1319 405 1384 per
432 1311 584 1362 cunctum
613 1302 767 1385 populum
788 1311 933 1362 sanctum
952 1301 1036 1380 Dei,
1065 1304 1117 1364 vel
1139 1325 1198 1388 per

81 1397 234 1454 sanctum
255 1384 448 1466 baptismum
471 1383 503 1442 in
533 1403 599 1464 qao
627 1393 755 1445 renatus
779 1404 830 1461 es,
861 1385 887 1443 ri
916 1384 978 1444 hoc
1001 1385 1120 1446 melum
1147 1389 1198 1448 fe·

82 1470 157 1530 cisti
184 1489 228 1529 ex
257 1489 324 1548 qno
345 1465 505 1547 culparis,
537 1467 590 1527 rel
623 1487 784 1527 assensum
807 1465 997 1547 praebuisti,
1023 1477 1077 1527 ant
1104 1469 1199 1528 baiu-

82 1551 173 1628 lasti,
196 1559 254 1609 aut
283 1550 326 1611 iu·
344 1549 473 1610 domurn
499 1557 584 1608 tuam
609 1547 778 1630 recepisti,
801 1558 856 1607 ant
875 1548 949 1609 inde
971 1550 1118 1611 conscius
1144 1559 1199 1612 aut

85 1641 329 1696 consentaneus
348 1629 494 1701 extitisti,
509 1651 616 1691 coram
636 1630 785 1691 omuibus
803 1631 911 1692 dicito.
938 1631 1105 1708 Quodsi,
1124 1634 1199 1692 Dia-

84 1717 169 1782 bolo
193 1715 359 1789 suadente,
381 1713 486 1774 celare
510 1713 725 1794 disposueris,
750 1721 783 1774 et
811 1713 983 1794 culpabilis
1008 1714 1126 1774 exinde
1152 1735 1198 1792 es,

89 1805 262 1860 evanescat
285 1815 344 1858 cor
366 1801 457 1856 tunm
482 1795 687 1856 incrassatum
710 1803 741 1854 et
762 1795 964 1880 induratum,
987 1804 1019 1856 et
1047 1817 1112 1855 non
1134 1817 1200 1857 sns-

92 1881 198 1962 eipiat
214 1890 244 1939 te
269 1899 355 1958 aqua
373 1877 590 1938 incredulum
616 1885 649 1936 et
671 1877 859 1948 seductum
887 1885 926 1936 nt
950 1877 1036 1944 dicut
1060 1879 1198 1959 populus

92 1962 173 2044 qnia
194 1965 279 2024 Deus
300 1969 409 2022 noster
430 1960 531 2020 ludex
551 1968 616 2036 est,
647 1959 738 2022 cuius
758 1969 896 2044 potestas
917 1960 950 2022 iu
975 1961 1084 2024 secula
1105 1981 1199 2022 seeu-

92 2048 212 2108 lorum.
253 2043 367 2103 Amen.

178 2160 257 2220 Post
282 2158 528 2219 coniurationem
555 2175 655 2238 aquine
686 2155 885 2220 sarranates
909 2155 1097 2219 vestimentis
1124 2158 1199 2218 itto-

88 2265 176 2319 rnna,
203 2251 235 2301 et
258 2241 396 2301 narratori
419 2253 557 2299 sanctam
580 2239 782 2319 E'tvangelinm
801 2235 830 2300 it
850 2237 989 2300 sanctam
1009 2261 1130 2305 crucem
1146 2239 1199 2322 fa·

86 2329 156 2387 ciat
163 2350 176 2394 ;
203 2325 233 2382 ct
257 2319 463 2403 sanctificatis
484 2323 625 2384 ontnr'bns
652 2342 731 2403 aqua
755 2321 917 2383 benedicto
938 2319 1008 2384 cum
1037 2325 1149 2383 timore
1169 2335 1200 2382 ct

85 2407 290 2482 reuerentia,
301 2403 458 2488 fidas'de
482 2405 548 2462 eins
574 2404 737 2464 clementia
750 2405 762 2480 ,'
786 2405 935 2486 proiiciat
959 2407 992 2468 in
1018 2425 1138 2488 annana.

174 2521 245 2580 Hoc
270 2518 426 2584 iudicium
452 2527 579 2595 autern,
605 2526 734 2598 petente
762 2519 890 2599 Dompo
919 2519 1101 2592 illudovico
1136 2521 1200 2582 lm,

84 2612 255 2686 peratore,
277 2601 445 2678 constituit
465 2601 575 2662 beatus
601 2599 778 2681 Rogemus,
810 2602 1010 2684 praecipiens
1034 2612 1071 2668 ut
1091 2625 1201 2665 omues

84 2681 267 2768 Episcopi,
289 2684 438 2763 Comites,
462 2683 616 2760 Abbates,
645 2683 813 2764 omnisque
831 2687 969 2766 populus
996 2682 1199 2750 Christianus

87 2769 149 2850 qui
174 2767 259 2828 infra
281 2765 358 2838 eius¹
379 2765 546 2847 imperium
574 2775 641 2841 est,
669 2763 731 2835 hoc
759 2765 881 2826 iudicio
911 2768 1087 2836 defendant
1107 2768 1199 2839 inno·

88 2859 217 2927 centes,
240 2857 272 2909 et
294 2846 478 2908 examinent
504 2856 674 2924 nocentes,
697 2869 738 2913 ne
763 2846 885 2928 periuri
914 2868 1012 2928 super
1037 2849 1201 2930 Reliquias

88 2935 287 2995 Sanctorum
310 2931 447 3014 perdant
473 2928 684 2994 suasanimas
712 2928 745 2988 in
774 2929 891 3004 malurn
913 2930 1160 3007 consentientes.

550 3045 623 3106 Atro
644 3043 748 3104 morto.

178 3161 268 3220 Dens
291 3157 400 3240 iudex,
422 3161 543 3237 iustus,
571 3161 672 3238 fortis,
695 3170 727 3222 ct
746 3154 964 3242 patiens,„qu'i
985 3181 1019 3244 cs
1040 3159 1201 3234 auctorat

90 3251 219 3302 amator
246 3243 407 3320 iustitiae,
439 3241 495 3325 qui
518 3243 639 3304 indicas
665 3237 887 3322 aequitatem,
902 3236 1026 3324 iudica,
1049 3240 1201 3320 Domine,

90 3325 186 3406 quod
207 3323 326 3386 iustum
346 3335 403 3402 est,
430 3325 505 3405 quia
528 3335 614 3386 recta
637 3334 692 3384 tua
711 3322 827 3384 iudicia
843 3314 933 3402 sunl,
978 3315 1046 3404 ¹Qui
1070 3323 1201 3409 respicis

89 3427 196 3488 super
222 3415 356 3483 terram,
384 3407 416 3468 el
435 3407 512 3468 iacis
544 3429 612 3468 eam
635 3416 790 3484 tremere,
824 3415 869 3485 tu,
892 3400 1025 3468 Domine
1053 3402 1200 3488 omnipo«,

89 3499 192 3566 tens,÷
210 3489 267 3570 qui
293 3511 352 3572 per
373 3490 544 3570 adventum
564 3479 627 3549 lilii
645 3489 690 3548 tui
716 3489 844 3552 Domini
868 3489 966 3564 nostri
986 3472 1061 3550 lesia
1082 3483 1201 3548 Christi

89 3571 255 3633 mundum
285 3573 429 3648 salvasti,
457 3580 489 3635 ct
510 3593 578 3654 'per
602 3572 670 3633 eius
692 3571 874 3635 Passionem
901 3558 1002 3658 gelius
1024 3571 1223 3647 itomanam,

91 3653 283 3732 redemisti,
307 3664 341 3714 tu
365 3653 449 3716 hanc
470 3675 583 3736 aquam
608 3655 794 3736 perignem
824 3651 1001 3714 ferientem
1029 3653 1201 3734 sanctifico.

92 3737 165 3812 Qui
184 3747 250 3797 tres
273 3739 399 3818 pueros,
422 3735 455 3796 id
481 3747 538 3814 est,
561 3727 704 3813 Sidracli,
727 3737 858 3814 Misacii,
880 3731 1076 3823 abdenago,
1092 3737 1201 3799 iussio-

93 3837 139 3877 ne
162 3818 259 3900 Regis
280 3819 451 3902 Babylonis
473 3817 580 3879 missos
614 3818 647 3878 in
671 3819 831 3879 caminum
860 3819 943 3902 ignis
971 3819 1123 3895 servasti,
1154 3827 1200 3894 tn,

93 3901 367 3976 clementissime,
390 3911 513 3982 praesta
542 3909 578 3960 ut
603 3901 720 3982 siquis
743 3899 898 3974 innocens
924 3901 956 3972 in
979 3899 1063 3960 hanc
1087 3907 1200 3982 aquam

91 3984 278 4043 ferventem
297 4003 427 4046 monum
447 3984 576 4060 mittat,
596 3983 684 4044 'sicut
706 3993 769 4042 tres
795 4003 912 4063 pueros
934 3982 1130 4064 supradictos
1160 3983 1200 4042 de

92 4064 227 4124 camino
245 4065 328 4149 ignis
351 4065 514 4146 eripuisti,
539 4075 570 4136 et
593 4067 768 4126 Susannam
795 4065 834 4124 de
856 4063 936 4124 falso
961 4065 1095 4126 crimine
1118 4062 1201 4124 libe-

92 4147 187 4224 rasti,
213 4147 255 4206 ita
281 4147 417 4207 Domine
443 4167 571 4208 manum
599 4147 686 4207 illius
714 4147 831 4224 salvam
857 4153 888 4206 et
909 4145 1050 4206 illaesam
1078 4150 1200 4227 perdu-

93 4251 162 4296 cas.
204 4229 246 4314 At
265 4229 293 4295 si
313 4228 385 4314 quis
406 4230 596 4315 culpabilis,
618 4231 810 4294 incrassante
834 4225 981 4314 Diulsolo
997 4233 1053 4294 cor
1072 4229 1200 4292 indura·
