2734 4990
152 259 225 338 tos
591 283 784 340 sannaus

151 423 219 506 ipse
241 442 366 482 mansus
390 421 646 496 circumcinctus,
673 445 747 484 cum
770 422 935 490 arboribus
964 434 996 488 et
1015 425 1169 501 casticiis,
1197 448 1256 486 su-

150 505 340 588 perpositis,
371 505 464 566 terris
487 505 676 580 arabilibus,
706 513 739 566 et
770 515 902 570 caetera.
953 507 1056 568 Simili
1084 509 1178 568 modo
1202 515 1256 568 vir

150 587 339 668 magnificus
362 584 418 646 ille
441 589 564 670 accepit
585 588 625 648 ad
644 609 723 670 opus
745 609 837 648 suum
855 589 953 649 alium
980 611 1124 651 mansum
1146 589 1178 648 in
1202 591 1254 650 lo-

152 691 190 730 co
215 679 420 748 nuncupante
442 670 519 744 illo,
543 669 599 750 qui
622 679 669 728 est
694 670 727 728 in
750 691 830 754 pago
853 670 927 748 illo,
960 670 993 730 in
1018 683 1154 734 centena
1182 673 1253 748 illa,

149 752 291 824 honest,
315 750 403 832 qnod
432 752 578 832 superius
610 751 766 826 diximus,
799 774 942 812 mansum
966 755 1252 828 circumcinctum,

150 857 224 897 cum
251 833 417 893 arboribus
444 844 477 894 et
499 833 637 909 casticia,
659 836 867 915 superposita,
889 835 982 895 terris
1006 837 1196 910 arabilibus,
1219 828 1253 896 et

45 974 50 984 ,
149 916 283 996 caetera,
298 915 350 978 vel
369 915 526 996 quicquid
546 938 617 997 pars
637 927 747 974 contra
767 938 876 996 parem
896 940 989 977 stnun
1001 940 1060 1000 per
1074 919 1251 1000 aequalen-

148 1001 226 1058 tiam
256 999 341 1058 inter
363 1019 396 1058 se
420 998 611 1074 diviserunt,
633 997 751 1080 absque
773 999 840 1058 ulla
858 1001 1050 1080 repetitione
1067 1001 1122 1060 >vel
1144 999 1250 1060 recla-

147 1081 287 1140 matione
306 1079 369 1139 boe
388 1079 536 1158 habeant,
551 1089 691 1150 teneant,
706 1080 898 1162 possideant,
916 1083 968 1142 vel
987 1082 1143 1164 quicquid
1160 1081 1251 1141 exin-

148 1165 188 1223 de
206 1163 316 1223 ‘facere
348 1161 530 1238 volueriut,
553 1162 661 1222 libera·
683 1163 716 1221 in
746 1164 915 1240 omnibus,
946 1164 1074 1225 Christo
1097 1163 1248 1245 propitio,

146 1245 181 1312 in
207 1266 264 1306 sua
283 1255 466 1330 permaneat
475 1254 636 1328 'potestate
658 1245 697 1306 ad
718 1246 911 1308 faciendum.
953 1246 988 1307 Si
1012 1248 1085 1330 quis
1109 1269 1197 1312 vero.

469 1376 616 1442 Venditis
639 1377 683 1440 cd
701 1382 930 1446 monasterium.

153 1529 156 1538 ⁴
227 1493 321 1560 XlX.
364 1493 552 1556 Venerabili
574 1496 607 1553 in
633 1493 760 1553 Christo
780 1488 862 1577 patri
895 1495 945 1555 illi
966 1494 1080 1554 Abbati
1109 1493 1149 1554 de
1175 1495 1248 1555 Mo-

146 1580 286 1640 nasterio
316 1577 372 1658 qui
402 1588 534 1638 vocatur
561 1578 669 1636 Sancti
693 1575 801 1652 illius,
830 1579 918 1656 quod
946 1579 1047 1638 estin
1077 1597 1159 1657 pago
1189 1576 1247 1634 illo

143 1679 239 1740 super
262 1661 397 1720 fluvium
424 1661 518 1720 illum
543 1667 769 1734 constructum,
794 1661 939 1740 emptori,
961 1681 1020 1740 ego
1045 1658 1078 1718 in
1102 1657 1164 1718 Dei
1186 1679 1246 1716 no-

145 1743 308 1803 miueille
332 1742 489 1804 venditor.
532 1745 664 1802 Constat
684 1761 734 1799 me
765 1764 830 1800 uon
852 1741 1039 1820 imaginario
1062 1741 1152 1816 iure,
1186 1761 1246 1798 neo
1329 1739 1333 1746 “

145 1827 238 1884 nullo
260 1821 403 1906 cogentis
433 1823 586 1904 imperio,
615 1823 671 1882 sed
692 1824 822 1904 proprio
844 1823 1020 1883 voluntatis
1048 1843 1137 1882 meae
1158 1820 1246 1880 arbi-

37 1984 40 1992 1
141 1908 216 1982 trio,
239 1908 330 1968 vobis
352 1907 401 1966 vel
428 1907 467 1966 ad
486 1905 714 1966 Monasterimn
736 1916 876 1966 vestrum
896 1906 1058 1981 vendere,
1088 1904 1179 1984 quod
1202 1903 1246 1962 ita

143 2000 176 2048 et
197 1988 327 2048 vendidi
351 1989 475 2050 robisal
502 1988 553 2046 die
578 1995 756 2068 praesente,
778 2009 847 2048 rem
869 2009 928 2069 pro
948 1986 1154 2069 proportione
1176 2005 1245 2044 mea

141 2069 175 2128 in
203 2070 274 2129 loco
296 2079 501 2151 nuncupante
525 2070 593 2144 illo,
616 2069 703 2148 quod
725 2078 772 2130 est
792 2071 876 2148 int'ra
898 2091 1014 2150 pagum
1031 2069 1135 2144 illum,
1156 2067 1245 2148 quod

143 2153 183 2212 de
211 2162 300 2232 parte
328 2162 495 2233 parentum
521 2173 664 2211 meorum
688 2151 727 2208 ad
757 2173 807 2211 me
835 2151 1152 2232 Legibusobveuit,
1183 2149 1245 2209 hoo

142 2244 208 2310 est,
239 2244 302 2292 tam
329 2236 462 2309 mansis,
492 2234 588 2306 casis,
621 2232 778 2308 casticiis,
809 2235 993 2315 mancipiis,
1023 2231 1172 2314 ingenuis
1193 2231 1244 2290 bis

141 2316 335 2386 nominihus,
357 2318 408 2376 vel
432 2317 587 2397 quicquid
603 2317 722 2376 ibidem
750 2338 898 2396 praesens
920 2325 967 2376 est
983 2337 1052 2378 mea
1072 2313 1247 2375 dominatio

140 2408 244 2475 totum
269 2398 363 2457 etad
393 2399 553 2479 integrum
577 2399 616 2458 de
644 2398 714 2458 iure
741 2420 812 2458 ineo
838 2399 869 2456 iu
895 2396 1112 2461 dominatione
1140 2405 1246 2456 vestra

139 2501 199 2561 per
217 2480 301 2538 hanc
324 2481 543 2542 venditionem
561 2481 677 2540 tradidi
701 2482 789 2539 vobis
809 2481 848 2540 ad
872 2479 1115 2560 possidendum
1144 2488 1176 2537 et
1192 2499 1246 2552 ac·

142 2561 213 2640 cepi
242 2563 259 2625 d
284 2561 372 2622 vobis
402 2563 435 2620 in
450 2563 569 2640 'pretio
590 2571 708 2638 taxata,
731 2565 818 2622 iuxta
842 2563 929 2644 quod
948 2561 1037 2624 nobis
1052 2561 1247 2642 aptific'atum

142 2647 193 2704 vel
216 2652 413 2703 conventum
435 2645 513 2718 fuit,
536 2643 654 2704 solidos
681 2647 796 2726 probos
822 2655 916 2725 atque
936 2655 1106 2725 pensantes
1131 2665 1246 2701 nume-

142 2748 180 2784 ro
212 2734 331 2798 tantos;
368 2726 411 2784 ita
435 2735 470 2784 ut
497 2727 536 2784 ab
567 2725 618 2785 dic
647 2738 818 2787 memorata
841 2726 945 2785 omnia
969 2725 1115 2803 superius
1141 2725 1247 2784 nomi-

142 2805 227 2882 riata,
258 2828 340 2888 quae
363 2809 402 2867 de
425 2829 474 2868 me
497 2807 621 2889 legibus
641 2809 855 2890 comparastis,
879 2808 942 2867 lioc
963 2806 1123 2881 habeatis,
1151 2817 1246 2868 tene-

141 2890 218 2965 atis,
241 2889 427 2970 possideatis
448 2900 511 2949 tam
539 2911 594 2950 vos
624 2912 719 2970 quam
741 2901 773 2951 et
796 2910 993 2950 successores
1017 2889 1132 2963 vestri,
1161 2889 1247 2948 libe·

140 2993 278 3052 rumque
301 2981 332 3031 et
354 2971 564 3032 firmissimum
587 2973 619 3030 in
640 2981 741 3033 vestra
762 2981 947 3064 permaneat
964 2979 1118 3058 potestate
1138 2971 1178 3032 ad
1197 2971 1246 3034 fa·
1310 2987 1314 2992 '

71 3133 81 3142 .
140 3054 299 3126 ciendum.
342 3055 375 3124 si
401 3055 614 3146 quievero,¹

614 3183 773 3246 Precaria,

68 3339 70 3343 ν
170 3356 174 3376 -.
226 3298 296 3362 XX.
339 3297 377 3357 lu
405 3297 539 3358 Christo
553 3296 729 3366 venerabili
752 3297 834 3378 patri
857 3308 889 3358 et
911 3299 1038 3358 Domno
1061 3296 1113 3356 illi
1130 3293 1248 3354 Abbati

45 3398 48 3403 ·
115 3378 183 3440 *de
206 3379 400 3439 Monasterio
429 3378 538 3441 Sancti
562 3379 669 3455 illius,
700 3379 788 3459 quod
816 3389 863 3439 cst
891 3380 924 3438 in
954 3401 1034 3462 pago
1063 3380 1122 3438 illo
1149 3396 1248 3458 super

140 3459 277 3525 fiuvium
302 3460 394 3525 illum
416 3470 649 3539 constructum,
678 3482 737 3543 ego
760 3461 794 3519 in
819 3461 879 3520 Dei
906 3461 1035 3521 nomine
1062 3461 1130 3522 ille;
1170 3463 1249 3524 Pre-

121 3540 232 3606 -cator
261 3543 377 3610 accessi
400 3542 440 3602 ad
463 3563 517 3604 voa
550 3551 586 3604 ut
616 3564 685 3604 rem
714 3564 770 3624 pro
791 3543 938 3624 portione
970 3552 1100 3619 vestra,
1128 3542 1163 3601 in
1195 3542 1247 3600 lo-

144 3644 182 3686 co
212 3633 418 3705 nuncupante
440 3622 516 3702 illo,
544 3625 600 3710 qai
626 3635 674 3685 est
701 3625 735 3684 in
763 3645 844 3706 pago
873 3623 947 3702 illo,
978 3647 1075 3706 qnam
1103 3645 1162 3703 ego
1188 3623 1247 3682 ille

143 3713 218 3768 autc
246 3705 303 3765 bos
337 3705 405 3767 dies
429 3726 488 3785 per
517 3705 711 3769 venditionis
738 3705 868 3765 titulum
894 3705 967 3766 dato
996 3706 1098 3788 pretio
1127 3709 1246 3766 Sancto

142 3785 194 3850 illi
215 3807 273 3852 seu
296 3795 402 3848 vestro
422 3787 615 3849 Monasterio
637 3785 819 3862 adfirmavi,
846 3786 908 3846 boo
930 3799 997 3859 est,
1026 3788 1060 3847 in
1086 3788 1155 3868 ipsa
1174 3809 1248 3869 por-

142 3867 230 3934 ticae
252 3889 398 3928 mansum
418 3868 458 3931 ad
479 3870 754 3944 cosamauendum,
775 3867 922 3944 casticiis,
944 3871 1161 3951 superpositis,
1184 3877 1248 3928 ter-

140 3950 185 4012 ris
215 3950 407 4026 arabilibus,
437 3953 622 4036 mancipiis,
650 3951 800 4033 ingenuis
824 3950 874 4012 bis
900 3951 1100 4028 nominibus,
1129 3950 1247 4026 vineis,

142 4031 260 4114 pratia,
293 4032 403 4110 silvis,
431 4035 575 4114 pascuis,
610 4032 661 4096 vel
687 4033 845 4113 quicquid
873 4033 992 4094 ibidem
1015 4033 1127 4115 aspicit
1154 4033 1247 4094 vobis

144 4114 370 4195 delegavimus.
423 4116 488 4176 Sed
518 4125 627 4198 postea
656 4116 763 4174 taliter
792 4115 880 4175 vobis
908 4115 1179 4196 supplicavimus,
1209 4122 1248 4172 ut

143 4195 241 4284 ipsam
265 4198 445 4285 portionem
465 4199 504 4264 ad
531 4221 622 4264 issum
645 4196 837 4261 beneficium
858 4196 897 4261 ad
912 4197 1125 4261 excolendum
1145 4217 1247 4279 quan·¹
