2676 4976
472 282 753 339 teruennenses
1100 265 1169 336 521

88 447 182 502 snam,
212 445 304 504 quem
332 423 363 482 iu
389 432 556 504 praesente
577 423 630 484 die
651 421 803 503 possedit,
822 421 918 481 saciat
943 427 1029 504 quod
1057 428 1171 488 volue-

87 512 133 574 rit.
169 507 284 568 Idcirco
307 527 365 586 ego
387 505 516 584 quidem
540 507 573 564 in
598 506 658 564 Dei
680 525 797 563 nomen
820 500 881 580 illi,
904 505 960 585 qni
983 527 1171 570 commaneo

88 594 139 650 illa
162 589 248 667 villa,
280 589 357 668 quia
384 589 573 668 pertractavi
599 588 685 646 eirca
709 586 834 644 animus
865 607 974 662 meus,
1006 602 1042 652 ut
1068 593 1171 654 omnis

89 696 135 735 res
155 693 244 748 meas,
265 691 362 750 quem
387 672 420 730 iu
450 678 619 753 praesente
640 668 749 729 seculo
774 667 890 728 hebere
915 670 1049 746 videor,
1073 674 1114 733 ad
1131 674 1172 733 fi-

92 757 132 816 lio
151 777 211 814 meo
234 754 306 813 duas
318 763 429 836 vpartes
445 775 504 833 per
523 753 607 812 banc
624 750 759 832 epistola
775 751 919 812 cessione
942 754 982 813 ad
1005 757 1058 816 die
1078 777 1172 836 prae-

93 846 172 899 sente
190 836 265 896 trado
286 837 326 895 ad
349 837 574 916 possedendo,
608 843 671 892 tam
694 854 791 911 casas,
814 834 982 912 domibus,
1004 839 1171 916 aediliciis,

93 919 243 1000 mancipiis,
262 921 394 998 campis,
417 917 525 992 viniis,
547 917 646 989 silvis,
668 916 776 996 pratis,
798 918 933 998 pascuis,
956 922 1047 1000 aquis
1071 943 1171 1002 aqua-

93 1023 187 1062 rumve
206 1001 401 1078 decursibus,
423 1000 542 1060 iunctis
565 1009 596 1060 et
617 998 796 1060 subiunctis
816 1001 995 1062 movelibus
1012 1012 1044 1063 et
1063 1004 1173 1064 immo-

93 1083 204 1158 velibns,
223 1083 308 1142 omni
332 1105 403 1142 rem
418 1103 530 1159 meam,
551 1103 610 1166 pro
627 1081 750 1141 assidua
773 1082 902 1141 servitia
923 1105 979 1143 sua
1001 1086 1054 1146 vel
1070 1086 1172 1148 bene-

92 1166 228 1241 volentia,
250 1167 291 1244 ei,
324 1165 410 1226 sicut
434 1165 514 1242 dixi,
535 1164 633 1246 partis
656 1163 733 1224 duas
756 1163 864 1246 deligo
894 1175 989 1248 atque
1011 1170 1173 1230 transfun-

91 1249 122 1308 do
139 1248 172 1306 ad
193 1247 241 1308 die
263 1258 456 1331 praesente,
485 1247 580 1308 tertia
603 1267 679 1308 vero
699 1254 789 1327 parte
819 1248 858 1307 ad
880 1247 1010 1310 heredis
1036 1252 1172 1333 propin·

87 1329 145 1410 quis
165 1351 346 1408 reservans,
368 1331 430 1392 hac
456 1339 559 1390 tamen
587 1328 797 1406 conditione,
827 1338 862 1388 ut
892 1331 968 1391 dum
997 1332 1172 1412 advixero,

84 1411 149 1470 mibi
168 1412 198 1469 in
222 1413 373 1474 omnibns
397 1424 463 1472 tam
482 1413 521 1474 de
548 1411 643 1485 vieto,
673 1431 769 1493 quam
790 1420 822 1470 et
842 1412 882 1473 de
906 1413 1023 1473 vestito
1044 1415 1171 1477 soniare

82 1493 149 1552 mibi
169 1494 281 1575 debiat,
305 1505 339 1556 et
360 1496 427 1578 ipsa
445 1505 529 1556 terra
547 1494 730 1576 persolvere
754 1493 865 1554 faciat.
896 1504 929 1554 et
951 1496 1110 1580 quicquid
1131 1498 1172 1560 de

80 1576 145 1657 ipsis
165 1577 238 1638 duas
257 1589 366 1660 partes
382 1580 488 1638 l'acere
510 1576 662 1651 voluerit,
683 1576 835 1651 habendi,
857 1579 1002 1654 tenendi,
1018 1579 1172 1658 donandi,

81 1659 239 1738 vendendi,
260 1683 319 1721 seu
336 1660 564 1736 commutandi,
587 1657 704 1740 absque
727 1659 927 1740 praeiudicio
944 1662 1045 1721 saneti
1071 1662 1171 1740 illius,

79 1741 157 1800 euius
184 1751 285 1802 terrae
314 1764 382 1804 esse
404 1745 550 1818 videtur,
578 1742 711 1802 liberam
738 1743 770 1800 in
802 1742 948 1803 omnibus
978 1744 1093 1804 habeas
1118 1765 1174 1827 po·

78 1831 205 1884 testatem
227 1824 383 1891 faciendi
425 1826 459 1886 Si
483 1823 555 1906 quis
578 1845 656 1885 vero
680 1822 787 1906 (quod
810 1823 881 1885 lieri
907 1847 975 1886 esse
1005 1848 1070 1886 non
1101 1847 1173 1886 cre·

80 1905 129 1980 do)
148 1907 172 1966 si
196 1907 296 1968 luerit
319 1909 387 1968 ullo
412 1929 564 1988 umquam
582 1916 747 1987 tempore,
771 1916 826 1967 aut
844 1928 903 1989 ego
924 1908 1004 1989 ipse,
1028 1918 1083 1968 aut
1103 1908 1176 1967 nul-

78 1986 121 2047 lus
142 1989 178 2048 de
198 1989 376 2052 heredibus
398 1992 487 2068 meis,
509 1991 562 2051 vel
584 1988 722 2072 quilibet
746 1988 842 2050 bomo
862 2000 916 2050 aut
937 1998 1089 2050 extranea
1103 2011 1175 2073 per·

80 2091 160 2148 sona,
190 2073 247 2153 qui
275 2074 495 2134 contrahens
527 2072 695 2153 epistolam
719 2073 862 2132 cessione
896 2073 955 2134 ista
982 2073 1094 2134 venire
1119 2081 1174 2132 aut

79 2173 159 2231 agere
179 2155 312 2217 fortasse
339 2156 602 2239 praesumpserit,
640 2154 674 2213 in
703 2153 850 2236 primitus
872 2155 934 2216 Dei
956 2153 1100 2216 incurrat
1126 2155 1174 2214 iu·

80 2233 203 2312 dicium,
231 2247 277 2308 et,
290 2249 474 2300 sanctornm
500 2239 570 2298 loca
592 2236 750 2298 efficiatur
771 2247 959 2315 extraneus,
989 2247 1021 2298 et
1041 2239 1174 2320 insuper

79 2315 152 2378 inter
172 2318 230 2380 tibi
256 2329 290 2381 et
312 2331 423 2404 agente
451 2320 552 2382 sancti
577 2320 666 2380 illins
686 2327 792 2380 tantus
815 2329 1004 2404 componat;
1029 2330 1061 2381 et
1085 2321 1174 2403 qnod

77 2401 179 2482 repetit
194 2403 289 2466 nullo
306 2402 464 2486 congenio
482 2403 665 2466 evindicare
679 2423 745 2461 non
765 2401 880 2481 valeat,
902 2413 934 2465 et
952 2402 1033 2465 haec
1054 2404 1174 2465 cartola

79 2484 154 2542 omisi
182 2494 326 2570 tempore
346 2487 435 2547 lirma
455 2495 648 2569 permaneat.

362 2613 505 2688 (Neritia
526 2611 566 2672 de
586 2614 668 2673 natis
689 2619 878 2694 servorum).

145 2729 258 2795 LVIII.
299 2729 364 2790 Nos
386 2729 473 2790 euim
498 2729 548 2788 illi
581 2740 614 2790 et
633 2729 752 2790 coniux
779 2751 850 2791 mea
871 2731 937 2796 illa.
997 2733 1082 2795 Dum
1105 2757 1171 2796 non

79 2815 118 2869 est
135 2810 351 2894 incognitum,
375 2812 513 2892 qualiter
537 2812 645 2893 aliqua
666 2814 812 2890 femena,
836 2814 966 2874 nomine
988 2813 1056 2893 illa,
1079 2839 1173 2880 servo

78 2903 183 2971 nostro,
206 2915 326 2954 nomen
358 2895 427 2971 illo,
457 2895 497 2954 ad
519 2894 706 2978 coniugium
726 2893 907 2977 copulavit,
942 2907 975 2956 et
993 2899 1088 2959 modo
1115 2921 1173 2961 nos

76 2972 148 3034 bona
169 2979 337 3037 voluntate
359 2977 532 3054 convenit,
562 2986 598 3036 ut
624 2977 781 3058 quamdiu
806 2977 938 3057 quidem
958 2978 990 3036 in
1020 2982 1172 3060 coniugio

77 3067 142 3116 sunt
162 3059 323 3142 copulati,
346 3058 412 3140 ipsa
429 3061 556 3120 femena
578 3079 638 3140 per
664 3080 722 3119 nos
750 3080 815 3118 non
838 3059 951 3120 debuit
974 3083 1040 3121 esse
1070 3063 1173 3123 deeli-

77 3149 169 3200 natam
190 3145 225 3200 in
247 3141 395 3206 servicio.
436 3142 477 3201 Et
499 3142 641 3224 agnosio,
664 3162 697 3201 se
721 3162 760 3201 ex
782 3140 858 3221 ipsis
874 3153 1039 3223 procreata
1060 3146 1172 3222 suerit,

78 3221 354 3305 adingenuetatem
370 3223 483 3306 eapitis
503 3245 614 3286 eorum
635 3222 748 3284 debuit
764 3243 952 3304 permanere
973 3224 1116 3306 ingenui,
1139 3229 1174 3288 Si

77 3321 192 3387 quoque
213 3316 252 3366 ut
271 3327 304 3366 se
327 3307 372 3367 eis
397 3309 568 3367 necessitas
594 3307 704 3384 fuerit,
724 3307 762 3366 ad
784 3305 921 3366 servicio
939 3317 1036 3388 eupiut
1060 3331 1173 3370 eorum

78 3383 251 3465 inclinatur,
289 3409 352 3448 non
378 3389 408 3448 ei
432 3390 525 3449 detur
553 3389 700 3466 licentia,
731 3387 792 3449 nisi
820 3390 859 3449 ad
885 3409 946 3454 nus
965 3392 1015 3452 vel
1042 3391 1172 3454 heredis

79 3471 180 3544 nostris
203 3470 475 3554 propinquiores:
511 3481 543 3533 et
562 3471 736 3552 peculiare,
756 3472 843 3552 quod
861 3471 903 3532 sit
927 3481 1000 3532 ante
1020 3475 1172 3558 coniugio

77 3548 207 3614 laborare
232 3554 394 3634 potuerit,
425 3553 491 3635 ipsa
522 3556 648 3614 femena
675 3553 775 3615 tercia
799 3565 889 3636 parte
913 3555 1032 3618 exinde
1057 3557 1174 3620 habeat

78 3632 182 3716 absque
204 3645 312 3696 nostra
334 3637 552 3718 repeticione,
574 3637 624 3696 vel
651 3635 809 3698 heredum
833 3647 1025 3700 nostrorum.
1067 3643 1173 3702 Dein-

78 3713 162 3776 dein
188 3719 279 3778 huuc
305 3718 440 3800 epIstola
460 3719 551 3779 nohis
580 3718 729 3780 intimare
753 3720 929 3798 convenit,
952 3733 985 3782 se
1010 3745 1068 3784 nos
1099 3724 1171 3808 ipsi,
1195 3717 1197 3722 ⁸

78 3807 124 3858 aut
138 3799 266 3862 heredis
284 3803 338 3862 vel
362 3801 538 3883 propinqui
565 3802 666 3862 nostri
683 3824 740 3864 seu
757 3802 911 3882 quislibet
932 3806 1076 3888 opposita
1102 3830 1174 3888 per·

77 3897 158 3959 sona,
181 3882 261 3964 quid
283 3882 323 3942 ad
351 3885 476 3945 traditis
497 3885 748 3946 conveniencias
766 3886 834 3966 ipsa
853 3886 981 3946 femena
996 3890 1173 3949 conmodo-

77 3959 133 4024 lare
160 3965 318 4043 voluerit,
347 3976 402 4026 aut
427 3977 540 4028 contra
567 3967 700 4048 epistola
725 3967 806 4028 haec
837 3988 930 4049 agere
960 3979 1173 4032 contemtator

77 4043 179 4124 fuerit,
202 4047 330 4110 soledus
354 4057 461 4110 tantus
487 4059 667 4133 componat,
696 4056 727 4110 et
751 4049 891 4109 nihilum
921 4050 1001 4112 dicit
1026 4062 1058 4113 et
1084 4053 1172 4134 quod

76 4131 190 4212 repetit,
212 4139 244 4194 et
270 4130 351 4194 haec
374 4131 512 4216 epistola
534 4133 622 4194 omni
653 4141 797 4218 tempore
819 4131 1128 4219 firma'permaneat.
