2676 4976
482 357 760 416 snnaotvsnsus
1100 342 1178 439 003

478 500 597 582 Incipit
617 497 761 563 indicias.

170 629 211 692 X.
249 627 383 692 Veniens
406 625 515 707 homo,
534 650 652 691 nomen
670 627 732 705 illi,
755 635 828 689 ante
850 627 1034 690 venerabile
1055 629 1105 692 vir
1118 629 1176 694 illo

89 714 207 774 Abbatc
232 712 279 774 vel
303 711 438 792 reliquis
468 712 547 773 viris
578 710 816 774 venerabilibus
840 711 944 792 adque
978 713 1175 794 magnificis,

90 817 219 876 qnorum
242 793 364 853 nomina
385 795 495 854 subtus
516 803 673 856 tenuntur
697 793 830 870 inserti,
861 793 1092 876 interpellabat
1114 797 1176 856 ali-

90 899 152 958 quo
177 876 292 936 bomine
315 896 433 936 nomen
459 878 529 955 illo,
545 877 651 959 quasi
673 876 844 937 servicium
875 876 906 936 ei
931 877 1111 950 redeberit;
1145 885 1177 940 et

84 961 135 1019 -illi
154 960 247 1018 taliter
271 958 310 1017 de
335 969 505 1039 praesente
533 960 664 1036 aderat,
694 967 726 1018 et
751 958 813 1018 hoc
836 958 964 1019 fortiter
986 959 1176 1040 denegabat,

89 1041 167 1123 quod
179 1039 340 1100 servitium
366 1063 541 1123 numquam
559 1041 735 1102 redebebit.
786 1042 1022 1124 Interrogatum
1041 1043 1105 1103 fuit
1125 1043 1177 1126 ip·

88 1125 145 1183 sius
164 1123 215 1182 illo
236 1122 274 1182 de
295 1143 354 1182 sua
374 1125 544 1207 agnatione
564 1125 646 1184 alius
668 1123 814 1186 homines
829 1124 863 1183 in
885 1145 980 1185 suum
1001 1125 1177 1188 servicium

84 1203 211 1279 babebat,
233 1225 273 1262 an
292 1226 380 1265 noua
400 1216 432 1268 et
455 1207 516 1288 ipsi
533 1207 581 1266 illi
602 1205 710 1267 taliter
728 1207 855 1268 locutus
876 1207 950 1286 suit,
974 1217 1011 1268 ut
1027 1207 1089 1269 hoo
1109 1229 1176 1270 uon

81 1285 247 1364 redebebat,
270 1307 348 1348 nam
373 1289 434 1371 ipsi
459 1289 509 1349 illi
538 1287 706 1350 servitium
732 1289 763 1349 ei
784 1310 850 1349 non
874 1289 1058 1368 redebebat,
1080 1291 1175 1353 atde

79 1369 240 1448 agnacione
273 1381 330 1431 aut
353 1371 394 1431 de
425 1379 597 1454 conparato
624 1380 660 1431 ut
685 1372 749 1432 boc
776 1370 863 1431 inter
887 1392 920 1432 se
947 1372 1175 1452 intenderent,

78 1460 109 1508 ut
136 1450 208 1510 dum
229 1451 292 1532 ipsi
319 1454 372 1513 illi
400 1455 481 1514 alius
510 1452 725 1515 bomines'de
750 1475 806 1514 sua
830 1453 1006 1535 agnacione
1031 1476 1097 1515 non
1121 1475 1177 1516 re-

74 1531 209 1596 debebat.
255 1534 311 1596 Sic
332 1536 437 1599 visum
450 1536 514 1596 fnit
527 1537 626 1618 ipsius
645 1535 750 1596 abbati
771 1534 822 1597 vel
842 1535 958 1617 quibus
978 1535 1011 1594 in
1029 1545 1086 1598 eus
1104 1539 1178 1599 ade·

72 1622 147 1690 rant,
168 1624 203 1674 ut
224 1615 288 1697 ipsi
313 1618 412 1679 homo
434 1627 510 1702 aput
538 1618 684 1680 homines
712 1617 787 1684 XII.
816 1625 915 1678 manu
941 1640 998 1679 sua
1025 1619 1114 1684 XIII.
1139 1619 1174 1679 in

68 1694 190 1756 basilica
221 1699 343 1762 domne
367 1701 473 1778 illius,
503 1701 536 1760 in
567 1701 669 1762 noctis
697 1701 795 1761 tantis
821 1701 992 1762 coniurare
1024 1700 1175 1778 deberet,

70 1778 150 1858 qnod
174 1779 213 1838 de
235 1803 344 1844 annus
372 1783 481 1844 XXX.
503 1805 560 1844 seu
586 1783 732 1864 amplius,
754 1783 923 1846 servitium
948 1783 977 1844 ei
1001 1804 1175 1864 numquam

70 1860 245 1922 redebebat:
277 1886 313 1926 se
347 1865 406 1926 boo
432 1867 539 1927 facere
569 1866 719 1948 potebat,
749 1864 810 1947 ipsi
842 1865 894 1925 illi
921 1865 960 1925 de
988 1863 1048 1925 hae
1080 1887 1173 1926 causa

72 1951 172 2002 eontra
192 1943 262 2026 ipso
288 1946 350 2008 illo
372 1969 564 2030 conpascere
587 1947 731 2018 deberit;
755 1949 806 2008 sin
834 1957 942 2009 autem
970 1967 1035 2008 non
1055 1957 1173 2031 potue·

71 2022 117 2100 rit,
137 2023 196 2086 hoc
219 2027 413 2092 inmendare
435 2032 569 2096 studeat.

278 2140 399 2250 Incipit
419 2167 537 2226 noticia
558 2164 598 2225 de
619 2164 801 2250 supradicto
827 2163 955 2232 iudicio.

145 2279 270 2342 Noticia
290 2281 493 2359 sacramenti,
515 2281 656 2362 qualiter
674 2282 726 2342 vel
748 2280 1105 2364 quibus-praesentibus
1121 2281 1173 2342 in·

74 2382 187 2441 gressus
210 2375 258 2425 est
283 2365 337 2424 illi
360 2364 444 2444 apud
468 2363 616 2426 homines
640 2373 746 2424 tantus
772 2363 929 2446 ingenuos
950 2386 1047 2447 super
1073 2366 1172 2426 altare

76 2443 153 2504 illins
174 2445 356 2526 Andecavis
383 2447 530 2521 ciretate,
552 2468 611 2528 pro
634 2467 673 2506 eo
691 2446 779 2528 quod
801 2447 944 2525 homine,
970 2469 1088 2510 nomen
1113 2448 1191 2526 illo¹

74 2526 134 2605 ipso
154 2548 212 2608 pro
235 2528 408 2589 servitium
433 2528 660 2609 interpellabat
684 2529 724 2589 ad
746 2529 849 2590 vicem
866 2541 1017 2613 genetore
1036 2551 1093 2592 suo
1114 2552 1173 2592 sen

76 2617 103 2665 et
119 2610 280 2689 genetrice
304 2633 367 2671 sua.
411 2611 534 2670 Iuratus
558 2611 651 2688 dixit,
672 2612 761 2671 iuxta
779 2613 866 2692 quod
890 2613 1028 2674 iudicius
1049 2634 1089 2673 ex
1109 2612 1172 2672 hoc

77 2688 204 2770 loquitur
227 2715 291 2776 per
318 2693 402 2752 hanc
431 2694 503 2752 1000
528 2701 637 2753 sancto
665 2703 696 2753 et
726 2694 837 2754 dlvina
861 2697 969 2755 omnia
1001 2696 1088 2774 quod
1119 2694 1172 2754 hic

78 2783 222 2852 aguntur,
259 2776 299 2835 de
323 2777 415 2834 annis
439 2775 545 2835 XXX.
568 2796 624 2835 seu
646 2776 784 2859 amplius
806 2777 865 2836 sub
887 2779 1088 2860 ingenuitate
1111 2798 1171 2836 nn·

81 2873 140 2913 men
158 2855 275 2918 resedi
298 2866 424 2916 namet
447 2857 508 2938 ipsi
534 2859 681 2937 superius
707 2870 894 2920 nomenatus
914 2859 1082 2922 servitium
1104 2871 1170 2918 non

80 2935 189 3015 sedebi,
221 2960 286 3000 nec
313 2939 445 3000 redebio
473 2960 532 3021 pro
556 2940 736 3002 reverentia
761 2939 837 3005 loci.
865 2941 899 3000 id
928 2951 1003 3003 sunt
1033 2961 1172 3022 quorum

81 3021 257 3095 praesentia.

471 3162 589 3245 Incipit
610 3161 756 3226 indicias,
800 3160 803 3166 ’

148 3289 202 3353 XI.
247 3289 391 3355 Veniens
419 3289 514 3351 homo
529 3334 542 3363 ,
577 3312 692 3352 nomen
723 3289 789 3368 illi,
818 3287 996 3350 Andecavis
1026 3289 1171 3368 civetate,

80 3380 141 3433 ante
162 3375 219 3435 illo
240 3382 354 3455 agente
378 3375 430 3433 vel
451 3373 586 3454 reliquis
605 3375 661 3454 qui
686 3394 758 3432 curn
786 3393 825 3434 eo
851 3372 993 3450 aderant,
1015 3373 1173 3454 interpel-

80 3450 153 3514 labat
173 3457 284 3538 aliquo
313 3454 462 3531 homine,
492 3477 608 3515 nornen
636 3456 711 3531 illo,
748 3455 838 3536 quasi
869 3455 1012 3516 iumento
1043 3477 1100 3516 suo
1133 3455 1173 3513 ad

78 3533 159 3598 surtis
181 3536 376 3600 conditionis
408 3539 559 3598 abuissit:
593 3545 625 3598 et
653 3537 713 3621 ipsi
741 3538 790 3597 illi
825 3552 888 3596 una
918 3560 991 3598 cum
1020 3547 1173 3621 genetore

80 3636 129 3676 suo
151 3620 271 3682 ibidem
293 3619 412 3694 aderat,
434 3630 467 3681 et
487 3620 546 3679 hoc
567 3620 694 3682 fortiter
715 3621 902 3701 denegabat,
925 3622 1012 3701 quod
1037 3621 1106 3702 ipso
1125 3619 1172 3678 iu·

78 3712 173 3762 mento
194 3723 361 3784 nunquam
383 3701 551 3763 habuisset.
596 3703 649 3763 Sic
671 3725 777 3765 visum
799 3703 861 3763 t'uit
884 3705 953 3785 ipso
979 3712 1092 3786 agente
1115 3703 1172 3782 qui

80 3786 232 3867 cumipse
259 3785 412 3861 aderunt,
445 3796 481 3847 ut
508 3783 633 3866 genitor
661 3807 733 3848 suos
758 3785 807 3844 illi
840 3807 898 3869 pro
925 3788 994 3847 filio
1019 3808 1076 3846 sno
1101 3785 1170 3862 illo,

79 3863 144 3940 quia
165 3876 197 3926 et
220 3867 282 3949 ipsi
308 3866 435 3947 genitor
454 3867 539 3948 apud
559 3866 706 3930 homines
729 3878 837 3929 tantus
864 3868 925 3950 ipsi
950 3869 998 3928 illi
1022 3869 1055 3926 in
1086 3867 1172 3926 basi-

80 3940 138 4005 leca
157 3949 266 4011 domni
285 3948 373 4008 iltius
390 3947 424 4006 in
447 3950 550 4012 noctis
570 3958 678 4010 tantus
697 3972 755 4032 pro
779 3951 846 4009 filio
871 3972 929 4010 suo
946 3971 1097 4011 excusare
1119 3949 1173 4008 de·
1239 3963 1242 3974 '

80 4021 161 4106 berit,
184 4054 216 4092 se
237 4030 299 4091 hoc
321 4031 427 4090 facere
453 4031 594 4114 potebat,
616 4033 676 4114 ipsi
698 4033 747 4091 illi
776 4041 889 4092 contra
912 4033 981 4113 ipso
1003 4033 1062 4092 illo
1083 4051 1171 4089 com·

79 4127 194 4185 pascere
220 4111 353 4174 deberit.
396 4114 453 4176 Sin
474 4125 580 4177 autem
607 4135 671 4176 000
696 4114 850 4197 potuerit,
877 4113 940 4177 hoe
965 4123 1076 4178 eontra
1103 4113 1176 4198 ipso

81 4195 233 4256 emendare
253 4194 377 4260 studiat.
