2676 4976
172 232 244 306 ⁵76
628 251 817 314 rosunum

169 391 274 462 sancti
299 391 473 454 descendat
504 411 602 476 snper
630 388 693 454 boc
713 393 837 454 'semum
866 393 907 456 ad
932 394 1179 462 discernendum
1203 425 1268 466 ree·

171 487 242 540 tum
273 472 431 536 indicium
455 474 527 542 Dei.
577 473 621 536 Et
654 495 732 548 mcx
759 489 921 536 accusatus
952 478 997 538 ad
1025 502 1136 542 nocem
1161 485 1268 566 pedum

170 578 350 626 mensnram
367 555 497 638 serrum
516 557 670 642 perferat.
711 556 819 617 Huius
850 556 984 642 deniqne
1014 583 1124 624 manns
1151 568 1203 628 snb
1232 572 1267 627 si-

168 642 246 722 gillo
269 637 409 700 triduum
424 650 556 720 tegatur,
578 651 608 698 et
627 641 656 697 si
672 641 774 700 sanies
793 639 981 702 crudescens
997 645 1029 702 in
1049 647 1175 726 vestigio
1189 648 1267 730 ferri

171 725 359 807 reperiatur,
383 721 550 803 culpabilis
576 719 729 794 ducatum
757 725 808 783 sin
837 737 939 784 autem
961 727 1080 788 munda
1107 731 1263 806 extiterit,

169 807 239 866 laus
262 809 335 867 Deo
358 803 524 886 reseratur.

209 948 250 1009 In
273 946 390 1007 Christi
415 945 552 1013 nomine.
592 945 754 1030 Incipiunt
776 946 937 1011 Collectes
958 951 1004 1012 ad
1023 951 1115 1014 malis
1133 952 1230 1035 furtis

615 1030 839 1113 repremendis.

252 1143 328 1210 Vll.
349 1140 459 1224 Agins,
481 1141 583 1225 agius,
604 1143 703 1227 agius.
726 1144 840 1206 Sancte
856 1146 962 1224 Pater,
979 1146 1036 1230 qui
1048 1169 1081 1210 es
1094 1148 1264 1230 invisibilis,

152 1228 313 1306 ,omnium
338 1247 445 1288 rernm
475 1226 634 1304 conditor,
661 1226 854 1308 spiritalium
881 1241 1077 1308 munerator,
1101 1233 1157 1314 qui
1177 1255 1265 1296 cunc·

169 1321 275 1372 torum
298 1331 331 1372 es
365 1309 529 1387 conditor,
559 1318 592 1368 et
612 1330 727 1370 arcana
749 1310 924 1394 conspicis,
946 1324 1062 1374 cuneta
1090 1316 1263 1398 cognoscis,

168 1393 224 1476 qni
247 1390 396 1455 scrutaris
419 1391 514 1451 corda
541 1399 572 1452 et
593 1412 698 1467 renes,
727 1393 834 1472 Deus,
866 1391 1022 1476 deprecor
1041 1405 1084 1473 te,
1105 1405 1137 1457 et
1157 1401 1263 1460 exaudi

168 1475 264 1536 verba
291 1474 526 1556 deprecationis
552 1495 661 1546 meae;
692 1482 728 1533 nt
749 1477 804 1556 qui
832 1473 919 1536 bunc
947 1478 1070 1538 furtum
1096 1479 1187 1540 illum
1212 1483 1263 1542 ad-

168 1558 264 1640 misit,
288 1557 378 1641 panis
402 1555 451 1616 vel
476 1554 577 1618 casias
598 1557 656 1618 iste
682 1559 818 1620 transire
840 1559 948 1622 faccee
970 1581 1031 1622 uec
1051 1570 1162 1646 guttur
1180 1562 1262 1623 illius

169 1664 235 1713 uon
258 1640 366 1722 possit·
405 1639 519 1704 Amen.

248 1721 398 1796 Domine,
420 1720 477 1802 qui
503 1720 643 1784 liberasti
666 1721 797 1804 Moysen
822 1719 862 1782 de
883 1729 967 1782 terra
987 1723 1139 1810 Aegypti,
1168 1729 1263 1789 David

167 1809 319 1872 de'mann
340 1803 415 1864 Saul
431 1804 537 1888 Regis,
556 1804 667 1866 lonam
686 1803 725 1864 de
741 1812 850 1864 ventre
867 1803 940 1882 ceti,
961 1807 1092 1868 Petrum
1112 1810 1151 1872 de
1169 1809 1263 1871 flucti-

166 1891 249 1969 bus,
281 1888 418 1952 Paulum
437 1888 476 1948 de
502 1887 649 1965 vinculis,
670 1884 801 1947 Teclam
829 1885 868 1947 de
890 1887 1011 1965 bestiis,
1033 1891 1209 1952 Susannam
1229 1894 1263 1954 de

166 1975 255 2035 falsis
283 1969 492 2046 criminibus,
520 1981 585 2032 tres
620 1989 736 2055 pueros
769 1967 808 2029 de
839 1970 964 2031 camino
990 1972 1074 2054 ignis
1105 1975 1263 2051 ardentis,

165 2055 284 2119 Daniel
308 2055 347 2114 de
372 2054 446 2113 lacn
467 2051 580 2129 leonis,
603 2052 812 2134 paralyticum
841 2051 881 2114 de
900 2053 1040 2136 grabato,
1062 2058 1213 2116 Lazarum
1229 2059 1264 2117 de

166 2146 387 2213 monumento,
410 2135 542 2196 ostende
567 2135 646 2196 mibi
671 2137 729 2216 qui
751 2133 839 2195 bunc
864 2135 987 2196 furtum
1016 2138 1109 2198 illum
1131 2139 1264 2216 admisit,

166 2231 203 2282 ut
230 2219 320 2304 panis
342 2219 393 2280 vel
420 2218 523 2280 casius
550 2215 608 2281 iste
641 2219 750 2282 lauces
782 2237 843 2278 nec
878 2229 988 2304 guttur
1014 2219 1105 2282 illins
1134 2225 1265 2286 transire

166 2325 232 2364 non
257 2301 363 2383 possit.
404 2300 518 2365 Amen.

205 2453 207 2460 ,
246 2382 406 2448 Exorcizo
433 2391 476 2459 te,
504 2380 689 2461 maledicte,
711 2380 962 2446 immundissime
986 2383 1101 2463 draco,
1125 2384 1267 2463 basilice,

164 2489 297 2550 serpens
325 2466 456 2526 innoxia
483 2485 539 2546 per
570 2465 702 2526 verbnm
728 2465 866 2527 veritatis
897 2476 930 2527 et
962 2467 1090 2550 signnm
1119 2469 1269 2530 claritatis

164 2571 224 2634 per
252 2551 358 2609 Deum
387 2547 640 2630 omnipotentem
667 2557 699 2610 et
735 2545 843 2608 lesum
876 2548 1041 2611 Christum
1068 2549 1270 2612 Nazarenum

164 2651 284 2714 agnum
312 2627 575 2708 immaculatum,
605 2629 645 2692 de
676 2630 838 2692 ultissimis
870 2641 1096 2713 procreatum,
1128 2633 1167 2694 de
1195 2635 1269 2714 Spi-

163 2716 230 2777 ritu
251 2720 362 2774 saneto
391 2720 600 2795 conceptum,
631 2733 671 2774 ex
700 2713 800 2774 Maria
824 2712 978 2796 Virgine,
1005 2735 1104 2795 quem
1137 2714 1269 2776 Gabriel

162 2795 384 2878 Archangelus
409 2794 615 2857 adnuntiavit
634 2805 823 2874 venturum,
852 2817 949 2876 quem
969 2817 1043 2858 cum
1063 2795 1198 2859 vidisset
1216 2799 1270 2856 Io-

162 2901 276 2955 annes,
299 2899 378 2940 voce
400 2899 512 2960 magna
528 2875 676 2938 clamavit
693 2877 821 2940 dicens:
843 2879 908 2954 Hic
930 2892 976 2940 est
988 2877 1086 2962 filius
1106 2879 1269 2944 Deiotari.

161 2963 261 3023 Nullo
275 2961 370 3022 modo
395 2959 449 3025 bic
472 2959 611 3020 dimittas
631 2955 868 3022 communicari
890 2961 948 3042 qui
969 2961 1058 3020 hunc
1082 2963 1207 3024 furtum
1230 2961 1270 3020 il-

162 3044 231 3104 lum
259 3044 396 3108 admisit.
446 3043 511 3120 Qui
533 3041 653 3102 crimen
683 3041 827 3104 nesciens
850 3053 907 3118 est,
926 3045 1108 3106 manducet.
1149 3045 1191 3105 Et
1212 3044 1271 3126 qni

161 3129 285 3188 crimen
310 3126 413 3188 sciens
438 3135 502 3203 est,
533 3125 639 3187 statim
666 3124 895 3186 tremebundus
915 3135 1051 3187 evomat.
1099 3126 1217 3192 Amen.

245 3211 388 3291 Suggero
415 3207 484 3283 tibi,
505 3207 662 3268 Dominus
678 3209 765 3266 Dens
788 3208 991 3290 omnipotens
1013 3218 1145 3270 aeterne
1166 3211 1270 3286 Deus,

160 3292 218 3374 qni
241 3297 347 3353 coelos
374 3289 557 3365 camerasti,
589 3300 705 3350 terram
727 3289 887 3367 fundasti,
914 3312 1001 3352 mare
1030 3291 1186 3350 limitibus
1214 3291 1271 3350 fir-

159 3377 263 3451 masti,
286 3383 318 3434 et
343 3375 446 3456 ipsum
473 3373 600 3432 coelum
622 3369 793 3448 fabricasti,
811 3372 868 3454 qui
892 3393 1005 3454 magna
1030 3373 1190 3438 mirabilia
1221 3372 1271 3434 sol

160 3467 193 3518 et
218 3459 296 3516 luna
320 3477 417 3535 super
436 3454 533 3516 iustos
555 3455 725 3534 splendere
749 3463 780 3514 et
802 3455 912 3517 lucere
937 3454 1062 3534 fecisti,
1088 3455 1271 3517 doctrinam

159 3539 335 3610 ordinasti;
357 3543 418 3611 fac,
440 3537 587 3612 Domine,
617 3535 744 3618 siguum
765 3537 860 3597 talem
885 3547 922 3598 ut
944 3537 1047 3598 omnis
1075 3538 1217 3599 mundns
1239 3547 1271 3596 et

159 3622 264 3682 omnis
290 3629 375 3680 terra
396 3621 587 3700 intellegant
614 3621 690 3699 quia
716 3625 752 3678 tu
775 3641 827 3696 es,
854 3621 960 3696 Deus,
984 3620 1042 3702 qni
1066 3621 1146 3683 facis
1167 3621 1270 3678 mira-

158 3705 239 3765 bilia
261 3705 358 3778 solus,
381 3702 519 3762 Domine
548 3703 620 3762 lesu
646 3698 771 3762 Christe
797 3700 844 3760 fili
865 3701 926 3762 Dei
956 3703 1030 3764 vivi.
1071 3705 1116 3765 Et
1138 3703 1269 3785 quires

158 3789 231 3850 illas
255 3785 385 3856 furavit,
415 3783 525 3865 etqui
550 3805 589 3844 ex
617 3783 680 3842 hoc
702 3793 936 3853 consentaneus
956 3786 1104 3863 videtur,
1131 3796 1165 3846 ut
1190 3783 1269 3866 gula

158 3882 191 3933 et
224 3869 335 3953 lingua
358 3867 459 3936 faucis
488 3887 563 3927 suae
592 3864 656 3926 siut
684 3866 873 3926 constrictae
906 3876 937 3927 et
964 3869 1096 3950 legatae.
1151 3868 1268 3928 Amen.

156 3955 199 4016 Et
219 3975 336 4038 panem
358 3973 418 4011 nec
443 3949 565 4012 casium
586 3949 683 4009 istum
713 3969 777 4008 non
801 3947 900 4032 possit
920 3953 1124 4016 manducare.
1151 3951 1266 4010 Amen.

142 4043 146 4055 '
242 4035 385 4096 Coninro
407 4032 489 4110 tibi,
512 4025 619 4106 hoino,
640 4051 698 4112 per
718 4033 843 4092 Patrem
860 4041 892 4092 et
913 4033 1033 4093 Filium
1054 4043 1085 4094 et
1108 4033 1268 4117 Spiritum

156 4129 312 4195 sanctum,
340 4113 397 4201 per
428 4116 514 4177 diem
541 4113 702 4174 tremendi
727 4113 839 4175 iudicii
866 4124 899 4174 et
924 4127 1063 4194 quatuor
1086 4111 1263 4196 evangelia,

156 4213 188 4266 et
208 4223 267 4288 per
284 4200 455 4263 duodecim
480 4197 671 4282 Apostolos,
701 4217 758 4280 per
777 4197 946 4259 duodecim
973 4197 1169 4282 Prophetas,
1198 4214 1263 4276 per
