2684 4990
214 271 288 351 7⁵4
384 230 388 250 ⁸
607 280 712 338 mars
747 279 916 338 normula

282 428 332 487 lx.
367 427 455 498 tmpr.
472 421 574 478 ttutter
589 439 639 494 pro
656 421 736 476 nulle
759 435 842 475 canae
866 418 1007 474 fideiuaeor
1030 422 1097 474 exire
1114 439 1159 478 non
1181 437 1239 498 petr,

213 501 266 558 niel
283 502 312 554 in
330 507 438 554 tantum
456 495 479 547 ai
494 493 589 548 tutilla
617 493 734 546 filiorum
759 507 869 544 tuorem
893 499 1000 544 mortuo
1025 501 1096 562 patre
1116 501 1240 566 receperit

212 570 435 642 gubernandum,
454 565 490 619 de
506 564 568 617 illae
585 581 627 618 ree
645 562 830 615 fideiuaaorem
848 568 876 616 et
894 561 956 614 dare
975 569 1004 615 et
1020 562 1127 634 recipere
1141 577 1210 637 potet.

283 674 318 729 X.
353 674 420 726 Item
439 670 509 722 otia.
545 667 721 738 Quicumque
738 664 821 719 bomo
840 664 918 719 alteri
936 665 1021 718 debet
1039 665 1129 720 solidos
1143 670 1181 734 ll.,
1195 675 1245 730 etilr

211 743 323 800 ,debitor
340 741 418 814 ponit
436 739 460 792 ei
479 739 595 792 alterum
613 736 729 808 pigner,
749 737 797 806 qui
813 737 888 790 velet
906 733 931 788 ei
948 736 1047 788 aolidoa
1065 737 1127 801 XV„
1143 749 1164 792 et
1175 742 1212 812 ipre
1223 747 1246 800 dp

214 817 288 869 bitor
304 815 376 884 ipaoa
394 810 428 866 X.
446 808 546 862 aolidoa
565 807 676 859 minime
692 806 825 872 reddere3
845 806 893 858 ille
910 804 992 859 bomo
1011 805 1058 876 qui
1074 808 1136 878 ipaoa
1150 812 1212 880 pigros
1222 815 1247 866 ha.

214 886 280 950 bet,
300 889 433 956 quantum
450 878 511 948 plue
528 877 641 948 preterit
658 877 779 946 precium
797 875 832 928 de
848 875 858 926 i
880 892 920 928 roa
937 876 1049 946 pignos,
1077 879 1143 948 qnod
1154 875 1216 942 illiti,
1227 904 1249 937 ⁶0-

214 953 265 1008 lidi
282 953 409 1016 valeant,
428 949 464 1002 ad
481 966 560 1001 auum
579 945 729 999 debitorem
747 946 802 1000 hnc
819 963 847 1000 re
869 946 924 998 dat.

284 1055 353 1108 Item
376 1052 446 1106 otia.
479 1048 657 1172 Samumque
674 1047 774 1110 bomo,
794 1047 841 1118 qni
860 1046 953 1118 alique
970 1065 1027 1101 rem
1044 1065 1114 1100 anam
1130 1048 1251 1119 inpignorat-

216 1125 252 1180 rit
270 1123 353 1176 alieni
371 1139 419 1192 pro
440 1137 477 1190 qu
508 1135 643 1190 ecumque
663 1117 803 1182 debitum,
823 1118 908 1187 ipram
926 1133 983 1170 rem
1001 1116 1050 1169 ille
1066 1117 1110 1188 qui
1132 1119 1251 1190 inpigrum

214 1197 266 1256 rit,
286 1194 321 1246 ad
339 1193 455 1246 alterum
472 1189 611 1242 bominem
629 1189 687 1259 ipsa
704 1205 760 1240 rem
778 1187 898 1241 vendere
915 1205 972 1239 non
992 1197 1097 1257 potest,
1121 1200 1252 1261 autequme

215 1265 326 1319 retollat
343 1263 379 1316 de
396 1262 446 1314 illo
463 1259 621 1324 bominem,
640 1259 690 1330 qui
708 1275 740 1310 ea
756 1257 856 1310 babuit
872 1258 1051 1330 inpignorata,

284 1367 352 1420 Item
369 1363 439 1418 alia.
475 1361 542 1442 Ilull
559 1398 566 1413 .
585 1398 593 1413 .
665 1359 741 1432 quod
757 1359 787 1413 in
804 1361 901 1431 pignus
928 1378 975 1415 ree
993 1400 1000 1414 .
1019 1396 1027 1413 .
1045 1397 1053 1414 .
1071 1379 1172 1433 .parere
1183 1381 1253 1436 rupo

217 1443 289 1501 teat,
306 1436 336 1488 ui
353 1472 361 1504 9
380 1471 387 1486 .
407 1469 413 1486 .
434 1431 558 1485 debitum
576 1430 709 1503 recipiat,
729 1437 759 1482 et
775 1432 864 1502 ipsum
880 1429 978 1502 piguua
996 1430 1096 1484 reddat

287 1539 356 1591 Item
372 1534 441 1591 alie.
467 1531 643 1603 Quicumque
660 1531 742 1586 bomo
760 1532 796 1585 ad
812 1549 892 1586 auum
910 1531 1062 1586 debitorem
1077 1533 1160 1604 pignus
1173 1537 1250 1606 uelprit

219 1615 249 1662 et
263 1607 323 1670 ille,
345 1606 394 1686 qui
410 1605 498 1676 ipanm
516 1603 614 1686 pigent
632 1603 739 1684 recipit,
760 1619 822 1684 eum
839 1603 982 1655 meliorare
1000 1605 1123 1674 potuerit,
1139 1607 1163 1657 in
1177 1617 1250 1676 quartur

217 1675 457 1801 inllplpqrrqqlerpiqem
474 1673 558 1738 lectt,
576 1673 626 1726 alle
645 1672 754 1732 debitor
769 1673 813 1728 rlli
832 1681 983 1745 conponat,
1003 1683 1127 1746 quantum
1142 1693 1190 1729 auur
1202 1677 1250 1748 pigra

287 1852 355 1904 Item
369 1847 439 1902 etia.
475 1844 652 1917 Quicumque
669 1843 752 1899 bomo
770 1861 852 1898 anam
878 1863 934 1899 rem
960 1847 998 1900 ad
1025 1847 1090 1900 duoa
1110 1845 1256 1916 hominubpi-

147 1909 150 1914 ¹
220 1919 390 1988 guormatia,
411 1926 441 1971 et
457 1916 537 1968 illum
554 1932 610 1968 non
627 1915 747 1968 redderit
764 1916 839 1986 quod
856 1917 891 1968 ad
909 1915 971 1969 illoa
992 1917 1089 1982 debet,
1114 1919 1150 1969 illi
1170 1920 1203 1988 qui
1216 1917 1255 1987 ipso

219 1991 314 2064 pigner
332 1987 455 2051 babent,
474 2005 544 2039 unua
562 1986 596 2038 ad
615 1987 729 2038 alterum
747 1985 819 2056 ipaoa
835 1987 930 2056 pignos
948 1988 1075 2042 tendere.

292 2093 364 2148 Item
387 2091 456 2144 alia.
493 2089 549 2161 Qui
567 2088 660 2160 aliqua
676 2089 821 2158 pecuniam
839 2107 915 2142 auem
933 2089 1020 2142 alicui
1038 2091 1136 2144 dederit
1149 2091 1176 2144 ad
1192 2108 1257 2150 utura,

222 2167 251 2218 in
269 2171 402 2235 quantum
419 2159 477 2233 ipae
495 2169 579 2230 caput
596 2168 652 2221 eat,
670 2158 785 2222 reddat,
804 2167 832 2212 et
850 2160 1000 2214 centecimu
1018 2161 1163 2231 portionem,
1176 2161 1196 2211 in
1209 2178 1259 2228 qur·

221 2244 281 2288 tum
299 2233 359 2304 ipra
374 2230 493 2301 pecunia
511 2238 552 2283 eat
561 2266 571 2292 ‚
590 2245 684 2282 uauraa
700 2230 833 2299 requirat3
852 2247 917 2282 nam
934 2229 957 2282 ai
973 2231 1039 2301 plue
1057 2231 1165 2296 tollerit,
1179 2229 1203 2281 ad
1215 2227 1259 2281 debi-

223 2311 309 2358 torem
327 2301 464 2356 reddatur.
960 2311 965 2324 ·

291 2406 358 2458 Item
383 2401 452 2455 elia.
487 2397 661 2470 Quicumque
679 2397 761 2451 homo
780 2397 828 2470 qui
847 2398 959 2452 alteriue
984 2417 1048 2472 pec.
1066 2438 1073 2453 .
1091 2438 1097 2452 .
1115 2438 1121 2452 .
1142 2407 1180 2453 aut
1196 2399 1260 2469 quale.

226 2482 318 2528 ...t
346 2471 381 2523 ad
399 2485 492 2522 uearae
510 2467 533 2520 ei
605 2506 612 2520 .
631 2486 648 2519 a
672 2469 779 2534 grandis
796 2469 898 2524 tribula
917 2509 924 2524 .
943 2507 949 2522 .
969 2507 976 2522 .
997 2466 1260 2541 tperegrinatioautop.

225 2582 233 2596 .
253 2582 260 2596 .
280 2581 287 2596 .
306 2558 362 2593 sana
381 2539 463 2592 luerit
480 2539 515 2592 de
532 2535 641 2603 iudice,
658 2539 705 2594 vel
723 2576 731 2591 .
749 2575 757 2592 .
775 2575 783 2592 .
809 2541 895 2593 malos
912 2537 1056 2606 homines,
1074 2542 1137 2612 iprae
1152 2557 1218 2592 urum
1229 2539 1263 2589 red·

226 2613 290 2666 dere
307 2627 364 2662 non
382 2609 529 2662 iudicetur.

295 2710 345 2770 xl.
377 2711 446 2764 Item
467 2709 536 2762 elia.
573 2707 601 2762 Si
618 2707 718 2780 aliquia
737 2707 820 2764 bomo
837 2711 970 2778 rogaverit
989 2713 1103 2766 alterum
1118 2711 1231 2769 bominem,
1246 2713 1264 2756 ut

227 2784 262 2837 de
279 2799 329 2835 eeu
347 2779 374 2852 t)
392 2779 476 2862 ipsine
494 2778 615 2860 precium
633 2779 835 2852 qualecumque
856 2799 937 2835 cauea
956 2783 982 2836 ei
1002 2800 1139 2856 conparare
1158 2781 1237 2840 debeat,
1249 2783 1263 2826 rt

226 2856 277 2906 ille
295 2852 343 2922 qui
360 2859 460 2918 rogrtua
479 2858 539 2913 eat,
558 2866 583 2902 er
603 2850 811 2919 comparaverit,
837 2859 865 2904 et
881 2853 930 2904 ille
948 2862 1061 2923 postea,
1084 2853 1128 2922 qui
1143 2852 1263 2918 rogaritror·

248 2941 337 2984 arare,
355 2922 441 2991 ipram
457 2937 515 2972 rem
532 2919 653 2988 recipere
670 2920 802 2986 noluerit3
822 2938 877 2973 uon
896 2925 983 2977 colum
1011 2933 1113 2976 tanturn
1134 2922 1219 2991 precium
1234 2932 1263 2986 pra

226 2943 282 3046 bec
301 2998 452 3063 conponat,
470 2989 519 3043 aed
536 3005 630 3042 uaurae
646 3006 695 3059 pro
712 3007 775 3042 eum
793 2991 842 3044 ille
867 2991 933 3056 det,
961 2993 1011 3067 qni
1034 3011 1082 3065 pro
1105 3010 1173 3046 anun
1189 2990 1263 3060 preciuu

226 3064 277 3116 ille
296 3062 462 3132 conparavit:

298 3167 360 3218 ΧΗ.
396 3164 464 3217 Item
480 3157 549 3213 alie.
586 3159 613 3214 si
633 3160 689 3215 duo
705 3161 828 3214 hominea
845 3179 900 3215 rem
918 3181 995 3218 ruam
1019 3165 1049 3219 in
1069 3157 1263 3220 commonebatur

228 3237 297 3298 rint,
318 3236 339 3287 ai
358 3252 420 3286 eum
439 3232 543 3301 aliquid
561 3231 661 3288 exinde
679 3232 862 3301 perdiderint,
888 3233 968 3287 ambo
995 3235 1101 3289 insimul
1124 3231 1262 3304 perdaut3t1·

230 3313 310 3376 cepto
328 3304 350 3357 ai
368 3320 438 3356 unua
456 3302 490 3356 de
508 3302 571 3371 ipeia
589 3309 634 3354 aut
654 3318 701 3371 per
718 3301 909 3367 negligentiam
927 3323 1002 3358 auam
1029 3304 1178 3377 perdiderit,
1198 3308 1230 3351 aut
1243 3295 1263 3346 b·

229 3375 341 3440 raverit;
362 3374 410 3444 qut
428 3372 462 3424 de
480 3372 542 3425 illoc
560 3371 614 3425 hoc
631 3371 742 3434 fecerit,
761 3371 832 3425 inter
848 3390 877 3425 ae
895 3376 999 3428 aolvere
1018 3376 1138 3429 debeant.
1192 3379 1197 3386 '

298 3477 378 3530 xllt.
410 3476 479 3528 Item
499 3463 568 3527 atta.
604 3473 779 3545 Quicumque
805 3471 887 3528 homo
914 3476 1016 3531 alteri.
1037 3473 1262 3536 ..;..voluntr.·

232 3581 475 3604 ..........
494 3542 552 3614 ipaa
569 3559 642 3607 rem,
662 3561 745 3614 quam
762 3544 904 3608 vendidit,
922 3546 952 3598 in
969 3548 1053 3618 duplo
1071 3551 1195 3616 conponat
1286 3597 1287 3600 ,

275 3650 368 3708 „Item
386 3645 454 3696 alia.
490 3645 519 3697 si
537 3643 604 3698 duos
627 3643 750 3696 bomiuea
767 3652 837 3698 terra
853 3685 861 3698 .
880 3686 887 3699 .
905 3685 911 3700 .
931 3687 937 3700 .
956 3647 1116 3712 habuerint,
1141 3655 1165 3700 et
1186 3635 1261 3695 nonsit

230 3719 294 3773 illoc
313 3715 391 3770 alteri
407 3715 442 3766 de
461 3731 509 3796 qua
526 3715 677 3786 portionem
694 3715 848 3782 mentierit,
867 3716 931 3781 ille,
951 3720 999 3791 qui
1015 3720 1138 3772 mentitur
1154 3723 1197 3778 est,
1216 3705 1262 3762 rdt-

230 3792 306 3853 lum‚
327 3787 374 3841 cni
391 3794 530 3850 mentun,
556 3785 585 3836 in
604 3785 687 3856 duplo
705 3785 808 3838 reddat.

300 3895 369 3946 Item
390 3891 458 3942 atio.
495 3889 670 3960 Quicumque
687 3888 769 3942 bomo
787 3867 870 3944 alicui
888 3891 1052 3962 mancipium
1076 3906 1146 3944 auum
1167 3871 1261 3937 vendiderit

230 3961 371 4036 peculium
387 3959 524 4020 habente,
543 3959 627 4013 liceat
644 3959 731 4032 iprum
748 3978 853 4018 nervum
871 3969 919 4015 aut
937 3963 971 4014 de
993 3962 1126 4033 peculium
1149 3969 1222 4008 auum,
1238 3945 1261 3992 ³⁰²

232 4036 267 4086 de
285 4030 405 4086 arteficio
420 4048 485 4094 auo,
505 4030 540 4082 de
557 4027 636 4083 illum
654 4029 702 4102 qui
727 4047 791 4085 eum
816 4032 991 4105 conparavit,
1017 4031 1138 4086 redimere
1158 4041 1181 4077 ae
1198 4019 1259 4091 potasti

242 4169 528 4190 ’.ῃ--ι--ΙΙ-

267 4257 298 4323 l)
316 4257 376 4310 Seu.
396 4257 484 4323 tege,
503 4258 555 4310 eat.
