2734 4990
161 291 235 368 498
570 305 579 326 ’
616 315 808 372 renuatur

160 453 207 516 tio
235 451 287 514 rel
318 451 549 517 benevolentia
579 475 674 540 quam
702 457 787 522 circa
815 477 864 518 me
895 455 947 518 die
979 460 1143 536 noctuque
1173 445 1279 509 exhi-

158 533 327 610 buistis,de
351 532 447 596 rebus
471 538 672 620 proprietatis
698 563 786 604 meuc
807 538 896 602 vobis
925 535 1049 619 aliquid
1075 531 1278 595 condonare

160 617 329 694 deberem,
350 617 446 678 sicuti
473 628 506 680 et
528 620 602 687 feci.
642 621 784 705 Ideoque
807 619 968 704 perhanc
997 615 1165 698 epistolam
1194 632 1278 672 ces-

157 698 271 774 sionis,
291 698 357 760 sive
378 719 438 780 per
463 699 617 764 festucam
642 711 737 786 atque
757 724 816 789 per
837 701 1051 794 andelanpnm
1077 698 1165 756 dono
1200 703 1278 752 tra-

159 781 201 842 do
221 778 312 842 robis
334 779 475 862 aliquam
499 799 691 846 rem'meam
718 787 751 847 in
772 807 853 869 pago
873 784 948 859 illo,
981 801 1013 840 an
1038 781 1111 840 loco
1134 777 1195 859 qui
1222 774 1279 834 di-

158 864 245 926 citur
264 862 339 939 ille,
363 862 396 922 id
417 872 474 942 est,
496 886 621 928 mansos
643 875 772 942 tantos,
806 887 879 928 cum
902 862 1057 926 aedificiis
1082 857 1279 943 supraposi-

156 945 217 1024 tis,
245 966 311 1004 nna
339 965 414 1004 cum
438 947 554 1025 terris,
582 948 694 1028 silvis,
716 949 854 1032 campis,
875 947 989 1030 pratis,
1011 943 1156 1026 pascuis,
1180 961 1280 1002 com·

156 1027 288 1103 muniis,
305 1045 433 1087 necnon
457 1036 490 1088 et
510 1030 679 1112 mancipiis
699 1032 819 1092 ibidem
833 1027 1109 1092 commanentibus
1130 1023 1188 1086 vel
1215 1021 1280 1080 ad-

155 1107 380 1192 spicientibus,
411 1108 519 1170 omnia
544 1119 576 1174 et
601 1133 642 1174 ex
668 1115 835 1190 omnihus,
857 1107 1014 1194 quicquid
1035 1108 1074 1177 in
1099 1108 1167 1189 ipso
1192 1105 1277 1163 loeo

153 1212 226 1254 mea
248 1190 379 1252 videtur
406 1212 473 1252 esse
495 1195 651 1273 possessio
669 1197 723 1257 vel
742 1192 927 1258 dominatio.
968 1191 1008 1254 In
1032 1191 1089 1250 tali
1110 1208 1192 1250 vero
1214 1205 1276 1246 ra-

154 1274 245 1334 tione
277 1282 314 1332 ut
345 1272 426 1332 haec
457 1277 564 1336 omnia
594 1278 740 1358 superius
776 1277 935 1337 nominata
967 1275 986 1334 a
1012 1273 1065 1334 die
1095 1276 1277 1353 praesente

155 1354 312 1432 habeatis,
333 1354 482 1432 teneatis,
504 1366 600 1440 atque
620 1359 817 1440 possideatis,
834 1357 885 1418 vel
907 1355 1064 1438 quicquid
1084 1351 1208 1414 exinde
1225 1351 1277 1408 l'a-

159 1458 233 1498 cere
254 1436 433 1515 volueritis,
455 1437 590 1500 liberam
616 1440 649 1500 in
673 1441 819 1502 omnibus
840 1439 981 1500 habeatis
1003 1443 1205 1520 potestatem.
1228 1431 1278 1492 Et

160 1519 188 1580 si
210 1518 282 1600 quis
304 1518 469 1602 deinceps,
491 1521 581 1602 qnod
605 1522 675 1583 ficri
699 1544 762 1583 non
787 1543 877 1604 posse
899 1521 1013 1595 credo,
1040 1517 1066 1579 si
1091 1537 1151 1598 ego
1184 1515 1275 1594 ipse,

159 1601 249 1684 quod
271 1600 369 1678 absit,
402 1611 456 1662 aut
480 1603 568 1662 ullus
595 1604 636 1666 de
664 1603 836 1666 heredibus
863 1624 899 1664 ac
927 1599 1162 1684 proheredibus
1186 1592 1276 1655 meis

158 1682 245 1744 hanc
270 1683 447 1744 cessionem
473 1687 634 1766 refragare
653 1686 835 1762 tentaverit,
857 1685 883 1746 si
905 1705 938 1747 se
958 1681 1078 1744 exinde
1101 1702 1172 1740 non
1199 1697 1277 1738 cor-

160 1765 292 1842 rexerit,
314 1767 332 1826 b
357 1765 505 1848 Collegio
535 1777 661 1828 sanctae
682 1768 744 1828 Dei
766 1764 928 1828 Ecclesiae
946 1764 1071 1824 alienus
1094 1762 1224 1828 existat,
1240 1767 1277 1818 et

160 1846 296 1930 insuper
311 1847 431 1908 inferat
457 1846 548 1909 vobis
573 1848 758 1930 dupliciter,
782 1849 815 1910 id
841 1857 905 1924 est,
929 1853 1084 1928 quantum
1115 1865 1154 1904 eo
1184 1853 1276 1902 tem-

157 1949 237 2012 pore
263 1929 350 2011 ipsae
372 1948 423 1988 res
448 1929 621 2006 valuerint,
644 1940 675 1990 et
692 1932 779 2012 quod
801 1939 946 2012 repetere
967 1927 1113 2002 videtur,
1136 1925 1276 1985 nullum

158 2010 302 2071 obtineat
313 2009 480 2082 ellectum,
497 2011 554 2072 sed
570 2033 720 2092 praesens
733 2012 811 2073 haec
828 2009 960 2091 epistola
979 2016 1044 2082 tam
1065 2009 1149 2066 ame
1170 2025 1276 2088 quam

157 2092 198 2152 ab
220 2091 393 2152 heredibus
419 2093 499 2153 meis
523 2093 686 2153 defensata
715 2093 802 2153 omni
825 2102 967 2174 tempore
990 2090 1079 2150 firma
1110 2098 1143 2150 et
1173 2087 1275 2150 stabi·

155 2173 198 2236 lis
221 2183 417 2256 permaneat.
460 2174 586 2235 Actum.
627 2176 669 2236 Et
692 2175 829 2258 reliqua.

158 2301 306 2369 Traditio
327 2303 544 2386 respectantis,
559 2305 627 2364 sine
643 2303 774 2387 epistola
788 2303 923 2384 qualiter
935 2313 1103 2364 castrantur
1116 2299 1150 2358 ἰη
1163 2296 1273 2358 locum

529 2383 681 2469 filiorum
705 2385 879 2467 adoptetur.

241 2497 362 2563 LVIII.
402 2497 543 2560 Domino
558 2499 649 2559 fratri
664 2499 724 2577 illi,
739 2521 797 2580 ego
814 2498 846 2557 in
861 2498 924 2561 Dei
943 2495 1074 2556 nomine
1090 2493 1161 2557 ille.
1180 2493 1274 2552 Dum

154 2579 256 2664 igitur
281 2590 314 2642 et
346 2583 487 2660 peccatis
516 2581 813 2658 malefacientibus
839 2579 1095 2660 procreationem
1123 2574 1274 2636 filiorum

155 2663 288 2723 minime
309 2662 429 2722 hahere
451 2661 580 2738 videor,
604 2671 635 2722 et
659 2686 708 2722 me
734 2671 904 2746 paupertas
928 2661 983 2721 vel
1003 2657 1175 2718 infirmitas
1201 2677 1274 2716 con.

155 2743 244 2826 poris
266 2745 392 2804 assidue
413 2742 594 2824 opprimere
615 2744 752 2821 videtur,
769 2745 841 2802 ideo
861 2740 1053 2826 complacuit
1073 2738 1154 2799 mihi
1171 2745 1274 2819 atque

156 2824 313 2885 convenit
333 2835 370 2884 ut
391 2825 425 2886 in
448 2826 558 2885 locum
580 2823 719 2886 filiorum
741 2825 791 2885 vel
820 2824 958 2884 filiarum
976 2833 1008 2884 te
1035 2821 1190 2904 adoptare
1212 2822 1274 2881 de-

155 2907 287 2981 berem,
310 2907 397 2987 quod
427 2905 471 2965 ita
497 2915 529 2966 et
552 2907 714 2986 perhanc
738 2905 904 2987 epistolam
928 2905 1016 2965 visus
1041 2925 1112 2964 sum
1140 2903 1273 2966 fecisse.

119 3062 121 3068 Ι
153 2990 252 3050 Dono
275 2987 375 3070 igitar
398 2989 456 3048 tibi
480 3008 591 3048 oannes
614 3008 665 3048 res
692 2985 892 3068 proprietatis
912 3006 1013 3062 meae,
1041 3005 1274 3065 quascumque

154 3070 197 3130 de
228 3080 318 3151 parte
339 3081 472 3149 paterna
499 3091 556 3130 seu
586 3068 625 3128 de
650 3079 790 3129 materna
810 3067 987 3150 adquisisse
1009 3066 1134 3142 videor,
1159 3066 1275 3142 idest,

153 3152 295 3234 inpage
323 3149 395 3222 illo,
418 3151 451 3209 in
481 3150 553 3210 loco
575 3157 759 3245 nuncupato
785 3147 860 3222 illo,
883 3149 943 3210 hoc
967 3157 1025 3226 est,
1046 3169 1177 3208 mansos
1197 3157 1275 3208 tan·

153 3243 206 3293 tos
230 3233 476 3294 camaediliciis
506 3232 726 3313 suprapositis,
756 3230 935 3308 curtiferis,
958 3252 1032 3290 cum
1053 3229 1186 3307 wadris,
1214 3230 1276 3292 sil·-

153 3313 225 3392 vis,
247 3314 341 3375 terris
371 3314 562 3388 arabilibus,
584 3312 721 3392 campis,
748 3311 862 3391 pratis,
892 3313 1035 3394 pascuis,
1065 3310 1275 3386 adiacentiis,

154 3415 215 3456 seu
238 3404 270 3454 et
288 3395 457 3476 mancipiis
478 3394 597 3453 ibidem
620 3391 904 3470 commanentibus,
925 3415 999 3454 cum
1018 3392 1109 3454 omni
1135 3393 1277 3474 suppel-

155 3475 263 3536 lectili
292 3477 405 3536 domus
438 3497 546 3551 uncae,
583 3474 741 3556 quicquid
773 3473 893 3533 ibidem
926 3473 1089 3554 praesenti
1124 3483 1276 3553 tempore

120 3604 123 3609 .
181 3555 324 3618 assidere
346 3557 471 3633 videor,
492 3556 525 3614 in
546 3563 633 3615 tuam
661 3555 838 3616 transfirmo
860 3555 1124 3616 dominationem.
1174 3556 1277 3618 'Simi-

155 3579 238 3698 liter
270 3646 303 3696 et
342 3638 377 3696 in
416 3637 479 3694 alio
508 3635 578 3695 loc'o
611 3636 669 3716 qui
696 3636 815 3696 dicitur
843 3635 889 3695 ill.
921 3637 956 3696 in
983 3637 1054 3718 ipso
1087 3637 1275 3701 iamdicto

157 3739 254 3800 pago,
277 3717 310 3776 id
331 3727 389 3790 est,
415 3737 540 3779 mansos
558 3726 674 3793 tantos,
697 3738 769 3776 cum
787 3717 940 3778 aedificiis
954 3719 1181 3800 suprapositis,
1199 3742 1276 3780 cur-

157 3797 276 3871 tiferis,
296 3798 399 3872 silvis,
422 3798 550 3878 campis,
572 3798 681 3878 pratis,
704 3800 835 3879 pascuis,
858 3799 1067 3876 commnniIs,
1091 3808 1127 3859 et
1152 3803 1276 3862 manci-

158 3877 223 3960 piis
245 3877 366 3937 ibidem
389 3878 663 3938 commanentibus
687 3877 737 3938 rel
757 3877 1019 3960 adspicientibus,
1041 3880 1075 3940 id
1094 3889 1155 3958 est,
1172 3904 1276 3964 qnan-

158 3973 361 4040 tumcuuque
386 3960 418 4018 in
442 3958 508 4040 ipso
530 3961 600 4018 loco
620 3981 688 4019 mea
711 3960 838 4021 videtur
861 3982 930 4023 esse
955 3959 1115 4042 possessio
1135 3967 1193 4030 rel
1216 3966 1275 4024 do·

161 4037 309 4113 minatio,
329 4049 431 4098 totum
455 4047 485 4098 ct
507 4041 546 4100 ad
570 4041 730 4122 integrum
747 4062 814 4122 per
836 4041 920 4103 hanc
942 4043 1124 4104 chartulam
1151 4047 1275 4107 cessio.-

163 4122 232 4213 nis,
248 4120 316 4178 sive
342 4141 398 4201 per
423 4123 589 4184 Festucam
614 4133 708 4204 atque
731 4143 788 4204 per
811 4123 1026 4207 andelangum
1045 4125 1086 4184 de
1112 4145 1188 4187 mco
1204 4129 1273 4189 iure

165 4203 198 4259 in
224 4223 274 4261 ius
302 4210 333 4260 ct
361 4202 610 4280 dominationem
634 4215 720 4263 tuum
742 4202 972 4285 perpetualiter
989 4207 1189 4277 transfirmo.
1233 4212 1272 4273 ln

573 4325 575 4332 .
593 4309 600 4336 t
1288 4307 1292 4311 ,
