2684 4990
195 245 268 320 762
560 260 737 320 urncnnu
757 269 934 326 nrrsrocs
966 349 969 354 Ι

191 423 254 460 nem
286 413 315 460 et
340 399 578 458 commintfiotttm
600 404 776 472 neglegentes
799 409 898 478 perisse
923 406 1054 476 legimus,
1078 413 1230 484 audirimus

193 477 277 529 etiam
301 485 392 528 nostro
419 481 542 542 tempore
567 471 678 530 scimus.
732 477 871 531 Obaudiat
888 478 975 530 etiam
994 485 1104 531 sannen
1130 486 1232 558 scriptun.

190 546 242 598 sibi
261 546 488 616 praecipientem:
524 541 642 610 Diligite
661 546 808 608 iustitiam,
834 552 883 618 qai
902 546 1037 601 iudicatis
1053 561 1146 605 tonan.
1174 560 1234 614 semp

191 615 225 668 de
246 617 362 668 Dntnino
383 616 414 666 in
431 612 567 672 bonitate,
587 627 614 665 et
631 617 663 665 irs
680 617 861 684 simplicitate
873 616 970 671 cordis
984 621 1104 690 quaerite
1118 625 1185 686 ilium,
1198 634 1236 699 pm,
1289 650 1290 690 p

191 688 223 736 in
240 686 400 738 malivolam
420 685 541 733 animam
559 699 617 734 non
634 685 766 738 introibit
781 689 936 756 sapientia,
956 706 1008 741 nec
1026 688 1183 746 habitabitis
1204 718 1238 751 cor.
1289 695 1290 732 1

189 775 257 826 pore
275 754 386 809 subdito
403 753 538 822 peccatis.

278 859 330 911 lli.
367 856 425 916 Eoo
445 863 554 915 sutem,
575 863 603 908 et
620 852 668 925 pr'o
687 855 812 926 imposito
831 857 998 924 ministerio,
1019 869 1046 911 et
1062 878 1106 930 pro
1121 861 1176 915 bont
1187 875 1206 919 et
1216 887 1240 922 rs-

189 927 316 981 tionabili
333 933 421 980 vestra
438 925 558 976 iussione
576 926 713 990 aggrediar
726 927 825 997 exequi
841 929 916 1000 quod
935 930 1047 994 rogatis:
1065 949 1115 982 non
1129 951 1241 1002 messena,

191 1016 282 1067 neque
307 996 395 1050 verbis
425 994 511 1056 meis,
548 995 615 1058 sed,
642 1004 673 1048 ut
697 999 838 1067 praemisi,
866 999 1000 1050 maiorum
1026 1001 1242 1065 treduinum-atten-

191 1069 259 1120 dcus
278 1067 414 1120 dicentem
433 1065 579 1116 Dominum
599 1065 634 1118 ad
652 1066 819 1136 prophetam.
858 1069 901 1120 Tu
921 1082 1014 1120 autem
1033 1069 1243 1128 audiensnunticiis

188 1140 229 1190 eis
247 1155 281 1188 ex
295 1153 343 1190 me.
374 1136 421 1188 Ea
438 1153 497 1195 me,
518 1134 619 1206 inquit,
640 1145 668 1188 et
684 1151 740 1188 non
758 1155 792 1189 en
810 1146 853 1206 te;
874 1138 950 1206 quia,
967 1139 1039 1191 sicut
1055 1139 1108 1208 ipse
1124 1139 1190 1195 dicit:
1213 1150 1244 1209 Qui

189 1227 208 1259 a
224 1209 368 1278 semetipso
386 1207 530 1276 loquitur,
556 1205 676 1270 gloriam
701 1211 844 1276 propriam
869 1209 993 1280 quaerit.
1048 1209 1139 1262 Sancta
1160 1212 1245 1282 scriptun

188 1278 217 1330 in
236 1277 309 1328 ornni
328 1276 423 1328 ordine
443 1285 471 1328 et
488 1275 653 1344 professione
678 1276 829 1346 unicuique
863 1278 1074 1332 administratori
1098 1281 1213 1352 praecipit,
1228 1295 1245 1337 ut

186 1347 334 1413 intellegat
359 1354 477 1407 cuncta,
512 1362 584 1414 quae
608 1345 655 1398 ait.
699 1347 836 1414 Quoniam
862 1347 884 1398 si
911 1348 1070 1415 intellegit,
1097 1351 1245 1416 administratis,

187 1435 270 1490 quam
289 1417 373 1482 gerit,
394 1416 467 1469 unde
487 1415 629 1468 exordium
648 1417 748 1484 caepit,
768 1416 914 1470 sollicitius
933 1419 1049 1484 satagit,
1075 1428 1104 1472 ut
1126 1419 1155 1473 de
1175 1422 1246 1473 adnisi·

187 1487 324 1540 strationis
343 1487 450 1539 talento
468 1485 520 1536 sibi
541 1485 645 1537 credito
664 1486 795 1541 rationem
822 1487 991 1540 redditurus.
1035 1491 1125 1542 Omnes
1147 1494 1201 1543 enim
1218 1492 1244 1543 ti·

186 1558 321 1609 stabimus
341 1569 407 1609 ante
426 1555 552 1606 tribunal
572 1556 694 1617 Christi,
721 1570 752 1609 ut
769 1557 874 1628 resirnt
898 1565 995 1619 tenus,
1022 1561 1130 1630 quisque
1152 1578 1243 1630 pnuepn

189 1645 289 1696 corpur
306 1630 408 1694 gessit,
426 1627 487 1677 sive
507 1625 626 1685 bonum,
645 1629 706 1678 sive
725 1629 836 1678 malum.
872 1626 934 1678 Non
955 1628 1050 1680 audiat
1073 1646 1087 1679 a
1109 1631 1169 1681 iusto
1182 1631 1242 1690 iudice,

189 1697 262 1767 quod
281 1697 414 1748 Dominus
431 1696 461 1746 in
477 1695 624 1760 Evangelio
642 1714 717 1748 servo
737 1699 810 1750 malo
829 1705 856 1750 et
872 1697 951 1765 pigro
970 1715 1148 1768 responsurum
1168 1717 1189 1750 se
1207 1702 1245 1750 iate-

187 1777 252 1829 tur,
281 1767 329 1818 sed
344 1766 438 1818 audire
456 1775 607 1818 mereatur:
634 1768 714 1834 Euge
742 1786 823 1820 serve
850 1767 920 1819 bone
947 1780 975 1819 et
992 1768 1100 1842 fidelis,
1124 1771 1180 1840 quia
1197 1787 1247 1836 super

186 1855 279 1958 pauca
292 1837 378 1918 fuisti
386 1835 506 1910 fidelis,
533 1853 619 1906 supra
638 1837 770 1890 multata
800 1839 988 1900 constituam,
1020 1840 1096 1890 intra
1121 1841 1147 1890 in
1160 1837 1245 1910 gaudium

208 1909 366 1959 ommutui.

256 2037 305 2092 IV.
324 2037 448 2088 Leernns
464 2035 494 2088 in
512 2043 604 2088 sancta
615 2033 754 2105 Scriptura
770 2036 867 2089 veteris
884 2036 1055 2096 testamenti,
1076 2033 1206 2106 qniaDarid
1218 2049 1245 2084 nr

185 2106 267 2160 simul
287 2116 315 2158 et
332 2106 465 2176 propheta
482 2107 664 2176 praefigurans
683 2107 828 2158 Dominum
848 2117 972 2159 nostrum
991 2107 1073 2160 lesus
1090 2105 1206 2165 Christum,
1218 2103 1247 2171 qui

184 2179 259 2230 solus
278 2195 326 2229 rex
344 2178 426 2230 simul
444 2187 472 2230 et
489 2176 614 2228 sacerdos
632 2175 690 2227 lieri
707 2178 824 2245 potuit..
841 2177 910 2230 duos
929 2177 959 2228 in
977 2174 1153 2230 sacerdotibus
1172 2173 1247 2226 Ordines

186 2248 346 2300 constituit:
364 2247 394 2298 in
410 2245 539 2308 summis,
565 2245 713 2309 videlicet,
740 2247 937 2308 Pontificibus,
965 2257 996 2300 et
1013 2247 1042 2296 in
1068 2244 1163 2297 minoris
1183 2241 1247 2294 ordinis

185 2316 390 2378 sacerdotibus,
420 2316 468 2385 qni
489 2331 564 2368 nnnc
612 2316 794 2381 reshytentus
824 2317 975 2383 iunguntur
996 2315 1100 2368 officio:
1115 2332 1143 2367 ea
1160 2312 1248 2366 videlicet

183 2387 358 2457 provisione,
380 2393 412 2436 ut
435 2385 501 2436 dum
521 2334 640 2455 quiliiet
667 2386 827 2438 Pontificum
862 2388 919 2438 vita
952 2386 1113 2446 decederet,
1138 2382 1249 2460 quicunque

184 2454 356 2508 sacerdotum
379 2453 499 2522 optimus
515 2462 657 2523 putaretur
676 2454 701 2506 ei
725 2454 755 2507 in
775 2456 969 2509 Pontificatum
999 2454 1158 2508 succederet.
1192 2453 1248 2502 Etn

184 2542 256 2578 novo
272 2531 438 2583 testamento
451 2525 584 2576 Dominus
602 2531 695 2576 noster
710 2524 786 2576 lesus
805 2525 927 2584 Christus
944 2525 982 2578 de
998 2520 1249 2588 multitudinediscipu·

184 2597 272 2646 lorum
289 2609 419 2652 suorum,
438 2592 553 2646 sieutin
569 2593 717 2659 Evangelio
733 2593 864 2660 legimus,
893 2595 1042 2648 duodecim
1060 2593 1148 2658 elegit,
1170 2607 1218 2660 quos
1233 2594 1250 2637 ct
1293 2581 1294 2654 l

183 2664 328 2734 Apostolos
347 2662 505 2716 nominarit
543 2665 646 2716 Horum
658 2665 687 2716 in
703 2665 825 2718 Ecclesia
840 2666 932 2718 locum
946 2673 1046 2717 tenent
1064 2660 1187 2733 Fpiscopi‚
1205 2659 1250 2709 sicut

184 2752 260 2789 sacra
275 2733 436 2801 Scriptura,
456 2742 485 2786 et
503 2733 640 2786 Catholici
659 2737 791 2788 Doctores
808 2735 966 2787 ostendunt.
1004 2733 1152 2800 Designavit
1166 2729 1222 2782 etisn
1235 2731 1251 2774 tt

184 2806 252 2862 alios
272 2803 385 2856 Lxxu.
405 2801 454 2874 qui
468 2802 519 2855 sub
535 2803 680 2858 duodecim
694 2804 829 2874 Apostolis
847 2806 957 2869 figuram
972 2804 1184 2876 presbyterorum,
1197 2797 1248 2873 idest

183 2875 298 2929 secundi
317 2873 418 2926 ordinis
436 2873 606 2928 sacerdotum
624 2881 920 2945 praemonstraverunt,
948 2884 980 2927 ut
1002 2871 1184 2928 decedentibus
1200 2867 1248 2934 ipu-

184 2947 269 3016 copis,
289 2945 323 2997 de
337 2942 380 2995 his
398 2944 512 2996 secundi
531 2953 560 2996 et
571 2945 710 2998 inferiores
725 2944 824 2997 ordinis
839 2945 1027 2998 sacerdotibus
1043 2942 1245 2996 secundantem

183 3031 303 3070 canones
318 3012 415 3084 spiritu
433 3014 486 3066 Dar
506 3015 647 3075 conditos,
675 3023 704 3068 et
723 3014 807 3066 totius
826 3015 920 3066 mundi
945 3015 1096 3068 reverentia
1127 3013 1246 3063 consensius

184 3087 219 3138 sd
236 3085 334 3138 summi
350 3083 496 3136 sacerdotii
509 3085 612 3154 apicem
630 3085 693 3138 loco
708 3085 880 3137 decessorum
895 3084 1088 3155 Episcoporum
1105 3078 1248 3154 provehantur,

182 3157 255 3208 sicut
273 3171 349 3208 sacra
368 3151 508 3221 Scriptura
523 3159 641 3208 Aetuum
665 3156 853 3223 Apostolorum
871 3163 1001 3224 patenter
1026 3153 1155 3211 ostendit,
1177 3147 1249 3220 decute

186 3227 268 3280 Petro
282 3226 318 3278 ad
336 3222 485 3277 confratres
498 3242 580 3287 snos,
600 3224 711 3294 quaudo
731 3225 829 3286 Iudas,
855 3225 902 3292 qui
921 3232 1128 3276 connumeratus
1150 3219 1216 3294 iuerat
1232 3227 1249 3290 lt

184 3298 280 3348 ordine
298 3295 504 3364 Apostolorum,
524 3303 553 3347 et
569 3295 678 3348 sortitus
696 3304 793 3347 sortem
808 3293 951 3346 ministerii
969 3295 1155 3363 Apostolatus,
1171 3285 1221 3337 shut
1233 3296 1248 3327 n

184 3366 277 3418 locum
297 3382 393 3425 suum,
414 3366 544 3432 Oportet,
561 3364 705 3436 inquiens,
725 3383 759 3416 err
773 3364 816 3416 isis
832 3366 922 3426 viris,
953 3367 1004 3435 spui
1023 3363 1155 3416 nobiscum
1174 3366 1250 3431 conpt-

184 3437 247 3501 Ιτςιιιὶ
262 3435 373 3486 suntin
388 3436 465 3484 omni
488 3446 622 3504 tempore,
642 3454 698 3504 quo
715 3434 835 3487 intravit
848 3447 874 3485 et
888 3436 981 3505 eaispit
998 3437 1136 3485 internos
1155 3429 1248 3505 Doprm

185 3509 265 3558 lesus
281 3516 375 3557 testem
395 3506 610 3556 resurrectionis
630 3506 690 3555 eius
707 3505 846 3556 nobiscum
854 3502 927 3575 fieri
941 3522 1025 3556 unum
1044 3521 1078 3554 cx
1091 3502 1155 3551 istis.
1184 3495 1210 3544 ht
1221 3503 1249 3565 νβ·

184 3578 226 3628 nit
242 3575 342 3626 electio
357 3573 451 3626 divina
463 3589 543 3644 super
555 3573 706 3638 linthium,
726 3574 773 3645 qui
789 3581 989 3641 ¹annumeratus
1025 3582 1067 3625 est
1083 3587 1139 3623 cum
1161 3561 1248 3616 undena

183 3645 331 3718 Apostolis.

253 3764 286 3818 V.
323 3761 361 3816 Er
377 3759 406 3814 in
425 3777 501 3814 saera
517 3762 616 3826 llegum
633 3758 746 3813 historia
767 3759 899 3828 legimus,
924 3761 991 3830 qnia
1009 3760 1138 3830 Principes
1162 3749 1248 3834 sacaria

184 3839 243 3885 tum
257 3833 367 3903 quando
386 3847 463 3884 sacra
482 3829 613 3883 unctione
633 3848 706 3896 reges
718 3832 746 3882 in
765 3849 875 3898 regnum
893 3834 1053 3894 sacrabant,
1072 3845 1181 3882 coronam
1195 3836 1247 3898 sign·

183 3904 313 3956 licentem
330 3902 472 3956 victoriam
486 3909 618 3970 ponentes
634 3917 715 3970 super
732 3902 822 3972 capita
841 3918 942 3966 eorum,
962 3903 1048 3968 legem
1066 3901 1094 3952 in
1109 3911 1199 3950 manum
1213 3902 1247 3939 erus

184 3975 307 4035 dabant,
335 3981 366 4026 ut
389 3973 507 4034 scirent,
527 3971 648 4041 qualiter
669 3972 768 4040 scipsos
791 3988 898 4037 regere,
927 3981 955 4024 et
975 3987 1071 4041 pravos
1095 3960 1246 4036 corrigtttr‘l

184 4043 271 4096 bonos
286 4044 314 4094 in
330 4043 520 4102 viamfrectam
537 4040 670 4094 deberent
686 4041 810 4107 dirigere.
847 4042 926 4093 Unde
943 4041 1017 4094 sicut
1029 4043 1055 4092 B.
1080 4042 1143 4110 Papa
1160 4033 1246 4103 Gelanpt

183 4116 221 4167 ad
241 4115 411 4166 Anastasium
431 4115 623 4182 imperatorem
640 4130 674 4164 ex
690 4112 771 4163 sacris
788 4112 931 4182 Scripturis
947 4113 1119 4164 demonstrat:
1137 4115 1161 4158 et
1176 4104 1198 4154 in
1213 4096 1246 4150 ¹¹¹⁵=

185 4201 257 4254 quae
269 4202 357 4254 nuper
374 4182 447 4252 apud
461 4182 620 4248 martyrium
631 4190 742 4233 sanctae
757 4183 865 4234 Macrae
878 4182 907 4234 in
925 4182 1034 4250 Synodo
1049 4179 1188 4252 gestarunt,
1203 4180 1245 4218 ⁶⁰⁸·

188 4256 310 4313 tinetur:
329 4255 384 4308 duo
400 4261 481 4320 sunt,
504 4251 604 4326 quibus
617 4251 818 4323 principaliter,
835 4269 890 4308 una
904 4269 967 4311 eum
989 4249 1134 4329 specialiter
1153 4246 1248 4306 eusuttl⁰
