2734 4990
494 259 714 332 assumtus
1092 247 1165 333 tot

79 426 150 494 dat;
179 409 256 503 quia
279 403 401 498 dignum
423 423 471 476 est
495 424 530 477 ut
554 416 643 501 quod
664 417 733 478 Rex
764 412 860 476 buius
880 413 984 476 seculi
1005 435 1079 478 cum
1102 417 1169 480 suis

77 503 267 570 Proceribus
294 519 349 582 pro
373 519 540 560 commune
562 500 675 560 'salute
704 498 810 562 voluit
838 515 906 558 esse
937 509 1168 580 constructum,

80 590 143 650 sub
164 589 281 666 integro
300 580 466 664 privilegio
487 579 581 642 sitin
609 587 801 664 perpetuum
823 579 841 640 d
870 578 1089 642 calumniandi
1110 603 1167 642 oe·

83 669 256 732 casionibus
275 673 501 732 conservatum.
545 663 776 726 Confirmnmus
803 660 902 748 igitur
918 662 988 724 inre
1010 673 1169 747 perpetuo

85 763 122 812 ut
144 773 211 812 cum
227 746 321 809 Abbas
343 745 441 826 ipsius
463 745 610 808 coenobii
628 747 666 808 de
689 744 748 806 bac
761 745 827 807 vita
842 743 1038 824 migraverit,
1058 768 1169 827 quem-

88 854 209 914 cunque
236 828 291 889 sibi
322 823 474 909 Monacbi
505 825 626 888 ibidem
652 826 829 888 habitantes
854 827 1033 888 secundum
1062 831 1169 890 Deum

88 915 240 998 elegerint,
261 909 380 992 absque
403 910 470 969 ullo
492 909 625 970 arbitrio
653 909 789 972 civitatis
811 909 910 996 ipsius
931 910 1086 972 antestitis
1107 911 1168 994 ipsi

89 1000 143 1060 sibi
163 991 297 1058 Monachi
332 993 497 1054 Pastorem
516 992 696 1069 instituant,
718 991 774 1073 qui
798 1011 1054 1052 eorum·sacrum
1075 993 1171 1054 Ordi-¹

89 1101 153 1142 nem
182 1078 334 1136 instanter
356 1074 506 1139 adtentat.
547 1077 728 1136 Cnm'veno
748 1073 847 1134 tuerit
867 1084 1085 1156 opportunum
1104 1077 1171 1137 Ec-

88 1161 198 1222 clesiam
219 1157 379 1232 dedicare,
410 1165 466 1216 aut
485 1179 590 1222 sacros
612 1156 740 1217 ordines
767 1155 937 1232 benedici,
971 1157 1023 1217 vel
1045 1157 1169 1220 tabulas

84 1260 265 1313 consecrare,
288 1255 519 1322 quemcunque
545 1240 584 1300 de
606 1238 762 1320 religiosis
784 1237 949 1322 Episcopis
977 1231 1081 1300 Abbas
1103 1237 1171 1323 ipse

82 1325 125 1385 rel
144 1320 288 1384 Monachi
310 1319 372 1380 sibi
394 1321 557 1382 voluerint
580 1322 749 1400 invocare,
777 1321 810 1378 in
833 1337 945 1380 eornm
968 1332 1092 1381 manant
1110 1345 1171 1406 po·

80 1415 187 1466 testate.
230 1402 350 1480 Etsi,
378 1403 469 1482 quod.
485 1403 583 1480 absit,
615 1403 658 1463 ibi
688 1404 778 1465 Ordo
805 1410 933 1464 sanctus
957 1411 1116 1484 tepescat,
1139 1413 1172 1468 et

77 1489 172 1550 Abbas
199 1483 388 1547 Monasterii
410 1483 472 1544 boc
495 1505 607 1567 perse
636 1485 806 1546 emendare
830 1484 1026 1567 neglexerit,
1055 1496 1109 1547 aut
1136 1509 1173 1548 e-

77 1571 145 1630 tiam
166 1569 231 1651 ipse
253 1589 330 1628 eum
348 1565 514 1628 Monachis
539 1569 661 1628 Statuta
683 1567 842 1648 regularia
865 1587 992 1627 servare
1010 1580 1173 1651 contemp·

77 1652 155 1728 serit,
177 1649 301 1710 etiamsi
325 1649 381 1709 vix
403 1650 494 1729 pauci
517 1651 685 1712 videantur
710 1653 749 1712 de
776 1647 942 1710 Monachis
966 1667 1103 1730 qnorum
1124 1672 1174 1712 rc·

76 1735 148 1814 ligio
168 1733 201 1792 in
224 1732 356 1792 Christo
373 1731 527 1812 proficiat,
552 1741 685 1814 potestas
712 1733 779 1793 illis
801 1740 925 1790 maneat
946 1751 1173 1816 quemcunque

76 1817 130 1876 sibi
163 1815 328 1896 clegerint
365 1814 404 1872 de
436 1815 588 1896 proximis
625 1815 826 1876 Monasteriis
860 1832 956 1892 quem
989 1815 1108 1875 rectius
1142 1821 1176 1874 et

76 1897 209 1960 sanctius
237 1895 419 1958 secundum
445 1897 587 1978 regulam
609 1895 713 1958 saneti¹
730 1894 897 1958 Benedicti
920 1895 1175 1957 invencriutex·

76 1990 194 2062 petere,
217 1987 256 2039 ut
286 1997 399 2040 eorum
426 1978 546 2038 salubri
576 1979 711 2039 consilio
740 1980 890 2042 studeant
909 1987 1054 2037 sanctum
1086 1977 1175 2039 ordi·

77 2085 146 2124 nem
170 2081 338 2126 revocare.
380 2059 552 2122 statuimus
581 2062 677 2121 etiam
712 2061 884 2120 mulierum
916 2079 1058 2121 accessus
1091 2062 1176 2120 intra

78 2154 178 2225 portas
201 2140 392 2204 Monasterii
423 2143 608 2204 nullatenus
630 2143 693 2206 first.
735 2144 769 2205 Si
792 2139 863 2224 quis
888 2140 995 2222 itaque
1021 2143 1177 2206 constitu·

78 2228 192 2286 tionem
219 2231 425 2307 praesentem
450 2245 508 2306 pro
532 2244 728 2306 quocunque
761 2219 913 2285 conludio
942 2233 1063 2284 mutare
1084 2246 1179 2285 cona·

77 2309 163 2384 verit,
185 2329 262 2386 reus
296 2307 515 2389 omnipotenti
529 2311 598 2368 Deo
631 2307 760 2370 effectus
781 2308 798 2366 d
819 2305 897 2388 p'a'ce
919 2305 1177 2367 Christianorum

77 2391 216 2450 omnium
246 2385 416 2449 habeatur
436 2399 625 2468 extraneus,
662 2399 695 2450 et
723 2384 939 2470 indissolubili
955 2388 1178 2450 'anathematis

77 2472 204 2534 vinculo
226 2472 357 2534 vinctus
386 2482 501 2532 sortem
523 2472 733 2533 damnationis
755 2472 851 2532 Iudae
873 2469 1043 2552 proditorie
1066 2473 1179 2543 incur·-

77 2564 129 2619 rat.
171 2555 272 2632 Quod
299 2553 507 2635 privilegium
528 2565 571 2614 *ut
595 2555 627 2614 in
655 2562 812 2636 perpetuo
834 2543 977 2636 tempor'e
1007 2557 1178 2618 conserve·

78 2647 146 2714 tur,
174 2635 389 2720 stipulatione
418 2634 564 2713 subnixa,
595 2632 691 2696 mauu
711 2637 850 2722 propria.
938 2710 941 2716 Ι

78 2763 114 2822 In
134 2762 196 2826 Dei
225 2765 364 2828 nomine,
407 2763 526 2847 Incipit
544 2763 779 2906 'epiniffim
798 2765 945 2848 formato
972 2769 1179 2836 dicitur-sive

460 2899 463 2904 .
494 2867 657 2916 (torrentem¹
689 2860 757 2912 nttn.

153 2957 315 3024 XXXIX.
356 2958 624 3019 Reverentissimo
647 2968 742 3041 atque
761 2959 999 3046 religiosissimo
1029 2977 1061 3028 et
1081 2971 1098 3029 d
1118 2969 1180 3036 noe¹

78 3041 122 3103 bis
145 3063 219 3102 cum
242 3056 365 3102 summa
386 3041 597 3102 veneratione
621 3042 839 3124 nuncupando
868 3045 921 3103 illi'
938 3045 1097 3132 Episcopo
1119 3075 1178 3134 ego

79 3126 131 3184 ille
153 3134 319 3186 extremus
346 3124 406 3184 sub
427 3124 602 3204 pontificali
625 3123 733 3183 officio
763 3125 831 3184 Deo
858 3126 1084 3191 famulantium
1108 3155 1179 3216 per·

79 3215 203 3284 petuam
232 3205 270 3265 iu
301 3206 440 3266 Domino
469 3207 546 3268 lesu·
572 3213 648 3286 opto
677 3202 819 3266 salutem.
866 3207 960 3270 ΤΤΑ.
980 3213 1068 3272 ΤΑΑ
1093 3217 1179 3278 ΑΛῙ.
1209 3243 1210 3248 “

79 3289 233 3354 DLXXV.
278 3289 433 3350 Praesens
458 3289 558 3347 frater
578 3296 687 3347 noster
708 3285 763 3347 itte
785 3287 893 3370 petiit
909 3291 948 3350 ab
978 3297 1177 3362 extremitate

80 3380 186 3430 nostra
220 3367 387 3432 licentiam
408 3369 448 3428 ad
470 3375 605 3430 vestram
626 3367 798 3430 almitatem
819 3369 1059 3455 proficiscendi,
1083 3385 1185 3464 atquc'

81 3452 247 3513 vobiscum
268 3449 333 3512 sive
361 3471 435 3512 cum
456 3451 568 3512 vestris
590 3449 763 3512 habitandi.
805 3453 865 3512 Cui
893 3464 925 3516 ct
948 3479 1011 3517 nos
1027 3460 1180 3523 benivola

80 3543 185 3594 mente
207 3542 242 3594 et
266 3534 409 3596 fraterno
431 3531 556 3610 affectu,
578 3553 642 3592 nou
667 3534 769 3593 solum
791 3535 821 3596 ei
843 3537 967 3618 copiam
983 3541 1022 3602 ad
1043 3559 1099 3604 vos
1122 3563 1179 3605 ve-

82 3615 193 3676 niendi
214 3637 281 3675 non
305 3615 500 3698 negavimus,
523 3615 748 3676 verumetiam
769 3628 804 3678 ut
827 3617 844 3678 d
867 3620 956 3681 vobis
983 3625 1050 3686 sive
1071 3627 1089 3686 al
1109 3642 1180 3688 ses-

81 3697 136 3757 tris
158 3697 300 3780 gratifice
322 3697 512 3780 suscipiatur
539 3697 746 3778 exposcimus.
787 3699 828 3759 Et
857 3699 883 3760 si
906 3704 996 3764 vobis
1022 3709 1183 3788 placuerit

84 3787 118 3836 ut
149 3790 207 3841 aut
234 3779 267 3838 in
295 3781 395 3860 gradu
422 3783 525 3861 quem'
543 3779 637 3840 modo
664 3789 755 3840 tenet
779 3781 875 3842 sacris
897 3787 1181 3850 altaribusminis·

84 3868 155 3938 tret,
177 3870 233 3921 ant
251 3860 291 3921 ad
304 3862 450 3921 altiorem
468 3860 601 3942 gradum
621 3873 870 3943 promoveatur,
884 3879 999 3929 ¹nostro
1024 3871 1091 3931 sive
1114 3893 1183 3931 nos·

84 3953 206 4002 trorum
225 3942 410 4004 testimonio
429 3953 587 4024 suscepto,
608 3943 641 4004 id
667 3943 696 4004 ei
718 3945 830 4004 lacere
843 3947 955 4019 liceat3
988 3950 1105 4034 quippe
1125 3947 1182 4036 qui

85 4023 166 4084 nihil
191 4024 225 4086 in
247 4043 287 4085 eo
310 4026 372 4086 tale
395 4025 580 4086 noverimus
604 4047 674 4106 quo
701 4025 734 4086 id
757 4023 897 4088 faciendi
920 4029 958 4091 ei'
973 4033 1102 4099 licentia
1124 4033 1181 4096 de‘ss

85 4117 229 4186 negatur.
279 4108 365 4168 Bene
396 4127 532 4188 namque
562 4108 594 4168 in
624 4107 767 4170 Ecclesia
790 4108 823 4168 in
853 4103 1185 4191 qua‘bactenu's‘ldlt

86 4189 256 4268 educatus,
279 4189 362 4254 bena
391 4198 619 4269 conversatus,
648 4189 710 4252 1100
732 4191 825 4253 ¹¹⁰1)ss
851 4193 891 4256 de
920 4216 953 4257 ⁵0
975 4197 1042 4260 tlte
1059 4201 1104 4264 '⁴¹0
1124 4221 1183 4265 ⁸¹⁸¹

818 4307 861 4378 31
