<?xml version="1.0" encoding="UTF-8"?>
<!DOCTYPE html PUBLIC "-//W3C//DTD XHTML 1.0 Transitional//EN"
    "http://www.w3.org/TR/xhtml1/DTD/xhtml1-transitional.dtd">
<html xmlns="http://www.w3.org/1999/xhtml" xml:lang="en" lang="en">
 <head>
  <title>
</title>
<meta http-equiv="Content-Type" content="text/html;charset=utf-8" />
  <meta name='ocr-system' content='tesseract 3.04.00' />
  <meta name='ocr-capabilities' content='ocr_page ocr_carea ocr_par ocr_line ocrx_word'/>
</head>
<body>
  <div class='ocr_page' id='page_1' title='image "./corpusiurisgerm03visigoog_0117.png"; bbox 0 0 2676 4976; ppageno 0'>
   <div class='ocr_carea' id='block_1_1' title="bbox 130 249 785 325">
    <p class='ocr_par' dir='ltr' id='par_1_1' title="bbox 130 249 785 325">
     <span class='ocr_line' id='line_1_1' title="bbox 130 249 785 325; baseline -0.003 -1"><span class='ocrx_word' id='word_1_1' title='bbox 130 249 203 325; x_wconf 83' lang='lat'>510</span> <span class='ocrx_word' id='word_1_2' title='bbox 590 266 785 322; x_wconf 74' lang='lat' dir='ltr'>rosunum</span> 
     </span>
    </p>
   </div>
   <div class='ocr_carea' id='block_1_2' title="bbox 127 405 1252 907">
    <p class='ocr_par' dir='ltr' id='par_1_2' title="bbox 127 405 1252 907">
     <span class='ocr_line' id='line_1_2' title="bbox 128 405 1250 492; baseline -0.004 -18"><span class='ocrx_word' id='word_1_3' title='bbox 128 422 172 488; x_wconf 87' lang='lat' dir='ltr'>ta,</span> <span class='ocrx_word' id='word_1_4' title='bbox 193 417 226 472; x_wconf 89' lang='lat' dir='ltr'>et</span> <span class='ocrx_word' id='word_1_5' title='bbox 267 407 343 470; x_wconf 89' lang='lat' dir='ltr'>ortis</span> <span class='ocrx_word' id='word_1_6' title='bbox 367 425 437 468; x_wconf 87' lang='lat' dir='ltr'>suns</span> <span class='ocrx_word' id='word_1_7' title='bbox 461 407 687 492; x_wconf 88' lang='lat' dir='ltr'>conquassatis,</span> <span class='ocrx_word' id='word_1_8' title='bbox 710 415 741 469; x_wconf 89' lang='lat' dir='ltr'>et</span> <span class='ocrx_word' id='word_1_9' title='bbox 766 406 835 489; x_wconf 89' lang='lat' dir='ltr'>ipso</span> <span class='ocrx_word' id='word_1_10' title='bbox 856 406 929 468; x_wconf 92' lang='lat' dir='ltr'>loco</span> <span class='ocrx_word' id='word_1_11' title='bbox 957 405 1096 488; x_wconf 87' lang='lat' dir='ltr'>graviter</span> <span class='ocrx_word' id='word_1_12' title='bbox 1122 407 1250 469; x_wconf 79' lang='lat' dir='ltr'>devas-</span> 
     </span>
     <span class='ocr_line' id='line_1_3' title="bbox 128 431 1252 572; baseline -0.002 -18"><span class='ocrx_word' id='word_1_13' title='bbox 128 503 202 558; x_wconf 87' lang='lat' dir='ltr'>tata.</span> <span class='ocrx_word' id='word_1_14' title='bbox 243 431 385 554; x_wconf 71' lang='lat' dir='ltr'>l&#39;roinde</span> <span class='ocrx_word' id='word_1_15' title='bbox 408 490 503 571; x_wconf 89' lang='lat' dir='ltr'>petiit</span> <span class='ocrx_word' id='word_1_16' title='bbox 525 489 566 552; x_wconf 89' lang='lat' dir='ltr'>ad</span> <span class='ocrx_word' id='word_1_17' title='bbox 587 491 671 572; x_wconf 90' lang='lat' dir='ltr'>ipsos</span> <span class='ocrx_word' id='word_1_18' title='bbox 691 489 785 550; x_wconf 91' lang='lat' dir='ltr'>bonis</span> <span class='ocrx_word' id='word_1_19' title='bbox 805 489 1011 551; x_wconf 88' lang='lat' dir='ltr'>bominibus:</span> <span class='ocrx_word' id='word_1_20' title='bbox 1033 491 1067 549; x_wconf 92' lang='lat' dir='ltr'>in</span> <span class='ocrx_word' id='word_1_21' title='bbox 1090 491 1252 552; x_wconf 88' lang='lat' dir='ltr'>eumdem</span> 
     </span>
     <span class='ocr_line' id='line_1_4' title="bbox 127 570 1251 660; baseline -0.003 -24"><span class='ocrx_word' id='word_1_22' title='bbox 127 584 299 660; x_wconf 91' lang='lat' dir='ltr'>prospecto</span> <span class='ocrx_word' id='word_1_23' title='bbox 320 581 533 650; x_wconf 87' lang='lat' dir='ltr'>accesserunt,</span> <span class='ocrx_word' id='word_1_24' title='bbox 556 571 744 633; x_wconf 80' lang='lat' dir='ltr'>invenirent</span> <span class='ocrx_word' id='word_1_25' title='bbox 765 570 847 632; x_wconf 90' lang='lat' dir='ltr'>sicut</span> <span class='ocrx_word' id='word_1_26' title='bbox 866 579 934 630; x_wconf 90' lang='lat' dir='ltr'>tum</span> <span class='ocrx_word' id='word_1_27' title='bbox 956 582 1049 649; x_wconf 90' lang='lat' dir='ltr'>esset,</span> <span class='ocrx_word' id='word_1_28' title='bbox 1071 573 1164 633; x_wconf 88' lang='lat' dir='ltr'>cuius</span> <span class='ocrx_word' id='word_1_29' title='bbox 1188 593 1251 633; x_wconf 87' lang='lat' dir='ltr'>uo·</span> 
     </span>
     <span class='ocr_line' id='line_1_5' title="bbox 128 654 1251 737; baseline -0.003 -19"><span class='ocrx_word' id='word_1_30' title='bbox 128 659 215 718; x_wconf 88' lang='lat' dir='ltr'>mina</span> <span class='ocrx_word' id='word_1_31' title='bbox 236 657 346 718; x_wconf 86' lang='lat' dir='ltr'><strong>subter</strong></span> <span class='ocrx_word' id='word_1_32' title='bbox 370 661 446 714; x_wconf 91' lang='lat' dir='ltr'>sunt</span> <span class='ocrx_word' id='word_1_33' title='bbox 467 655 597 733; x_wconf 86' lang='lat' dir='ltr'>inserta,</span> <span class='ocrx_word' id='word_1_34' title='bbox 620 663 656 714; x_wconf 92' lang='lat' dir='ltr'>ut</span> <span class='ocrx_word' id='word_1_35' title='bbox 677 654 766 715; x_wconf 90' lang='lat' dir='ltr'>bunc</span> <span class='ocrx_word' id='word_1_36' title='bbox 788 654 907 716; x_wconf 79' lang='lat' dir='ltr'>noticia</span> <span class='ocrx_word' id='word_1_37' title='bbox 928 654 1087 714; x_wconf 82' lang='lat' dir='ltr'>relatione</span> <span class='ocrx_word' id='word_1_38' title='bbox 1110 665 1251 737; x_wconf 87' lang='lat' dir='ltr'>praesto</span> 
     </span>
     <span class='ocr_line' id='line_1_6' title="bbox 129 737 1251 820; baseline -0.002 -18"><span class='ocrx_word' id='word_1_39' title='bbox 129 742 160 802; x_wconf 82' lang='lat' dir='ltr'>ei</span> <span class='ocrx_word' id='word_1_40' title='bbox 183 739 350 801; x_wconf 87' lang='lat' dir='ltr'>adfirmare</span> <span class='ocrx_word' id='word_1_41' title='bbox 373 737 540 802; x_wconf 85' lang='lat' dir='ltr'>deberent.</span> <span class='ocrx_word' id='word_1_42' title='bbox 562 738 651 818; x_wconf 89' lang='lat' dir='ltr'>quod</span> <span class='ocrx_word' id='word_1_43' title='bbox 680 737 722 797; x_wconf 90' lang='lat' dir='ltr'>ita</span> <span class='ocrx_word' id='word_1_44' title='bbox 746 746 779 798; x_wconf 90' lang='lat' dir='ltr'>et</span> <span class='ocrx_word' id='word_1_45' title='bbox 806 737 972 816; x_wconf 83' lang='lat' dir='ltr'>iecerunt,</span> <span class='ocrx_word' id='word_1_46' title='bbox 1001 737 1143 820; x_wconf 77' lang='lat' dir='ltr'>qualiter</span> <span class='ocrx_word' id='word_1_47' title='bbox 1170 742 1251 800; x_wconf 80' lang='lat' dir='ltr'>rire-</span> 
     </span>
     <span class='ocr_line' id='line_1_7' title="bbox 128 819 883 907; baseline -0.005 -23"><span class='ocrx_word' id='word_1_48' title='bbox 128 823 193 885; x_wconf 91' lang='lat' dir='ltr'>lius</span> <span class='ocrx_word' id='word_1_49' title='bbox 217 822 318 907; x_wconf 84' lang='lat' dir='ltr'>possit</span> <span class='ocrx_word' id='word_1_50' title='bbox 341 819 522 882; x_wconf 84' lang='lat' dir='ltr'>Andecavis</span> <span class='ocrx_word' id='word_1_51' title='bbox 546 821 682 882; x_wconf 84' lang='lat' dir='ltr'>civetate</span> <span class='ocrx_word' id='word_1_52' title='bbox 704 820 883 886; x_wconf 83' lang='lat' dir='ltr'>adfirmare.</span> 
     </span>
    </p>
   </div>
   <div class='ocr_carea' id='block_1_3' title="bbox 477 949 871 1034">
    <p class='ocr_par' dir='ltr' id='par_1_3' title="bbox 477 949 871 1034">
     <span class='ocr_line' id='line_1_8' title="bbox 477 949 871 1034; baseline -0.01 -22"><span class='ocrx_word' id='word_1_53' title='bbox 477 949 596 1034; x_wconf 81' lang='lat' dir='ltr'>Incipit</span> <span class='ocrx_word' id='word_1_54' title='bbox 616 951 690 1010; x_wconf 88' lang='lat' dir='ltr'>item</span> <span class='ocrx_word' id='word_1_55' title='bbox 710 951 871 1034; x_wconf 80' lang='lat' dir='ltr'>appennis,</span> 
     </span>
    </p>
   </div>
   <div class='ocr_carea' id='block_1_4' title="bbox 98 1064 1252 4286">
    <p class='ocr_par' dir='ltr' id='par_1_4' title="bbox 98 1064 1252 1564">
     <span class='ocr_line' id='line_1_9' title="bbox 211 1064 1252 1147; baseline 0 -18"><span class='ocrx_word' id='word_1_56' title='bbox 211 1065 359 1130; x_wconf 86' lang='lat' dir='ltr'><strong>XXXII.</strong></span> <span class='ocrx_word' id='word_1_57' title='bbox 402 1064 607 1147; x_wconf 87' lang='lat' dir='ltr'>Quicumque</span> <span class='ocrx_word' id='word_1_58' title='bbox 634 1064 674 1126; x_wconf 88' lang='lat' dir='ltr'>ad</span> <span class='ocrx_word' id='word_1_59' title='bbox 696 1064 896 1128; x_wconf 84' lang='lat' dir='ltr'>latruncolus</span> <span class='ocrx_word' id='word_1_60' title='bbox 913 1064 1173 1144; x_wconf 85' lang='lat' dir='ltr'>sceleratoribus,</span> <span class='ocrx_word' id='word_1_61' title='bbox 1193 1088 1252 1130; x_wconf 86' lang='lat' dir='ltr'>se-</span> 
     </span>
     <span class='ocr_line' id='line_1_10' title="bbox 128 1147 1251 1230; baseline -0.004 -17"><span class='ocrx_word' id='word_1_62' title='bbox 128 1149 252 1213; x_wconf 89' lang='lat' dir='ltr'>ditiosis</span> <span class='ocrx_word' id='word_1_63' title='bbox 273 1172 329 1212; x_wconf 88' lang='lat' dir='ltr'>seu</span> <span class='ocrx_word' id='word_1_64' title='bbox 349 1147 568 1224; x_wconf 86' lang='lat' dir='ltr'>incendiariis,</span> <span class='ocrx_word' id='word_1_65' title='bbox 590 1148 624 1206; x_wconf 93' lang='lat' dir='ltr'>in</span> <span class='ocrx_word' id='word_1_66' title='bbox 651 1169 713 1228; x_wconf 91' lang='lat' dir='ltr'>qua</span> <span class='ocrx_word' id='word_1_67' title='bbox 735 1148 900 1230; x_wconf 86' lang='lat' dir='ltr'>provincia</span> <span class='ocrx_word' id='word_1_68' title='bbox 922 1149 986 1210; x_wconf 90' lang='lat' dir='ltr'>vim</span> <span class='ocrx_word' id='word_1_69' title='bbox 1013 1158 1068 1209; x_wconf 93' lang='lat' dir='ltr'>aut</span> <span class='ocrx_word' id='word_1_70' title='bbox 1084 1150 1251 1210; x_wconf 87' lang='lat' dir='ltr'>damnum</span> 
     </span>
     <span class='ocr_line' id='line_1_11' title="bbox 125 1230 1247 1320; baseline 0 -25"><span class='ocrx_word' id='word_1_71' title='bbox 125 1233 307 1320; x_wconf 89' lang='lat' dir='ltr'>pertulerit,</span> <span class='ocrx_word' id='word_1_72' title='bbox 329 1237 456 1314; x_wconf 86' lang='lat' dir='ltr'>oportet</span> <span class='ocrx_word' id='word_1_73' title='bbox 476 1230 538 1291; x_wconf 91' lang='lat' dir='ltr'>hoc</span> <span class='ocrx_word' id='word_1_74' title='bbox 565 1230 669 1290; x_wconf 89' lang='lat' dir='ltr'>cidem</span> <span class='ocrx_word' id='word_1_75' title='bbox 686 1231 836 1292; x_wconf 89' lang='lat' dir='ltr'>Rectores</span> <span class='ocrx_word' id='word_1_76' title='bbox 858 1231 979 1292; x_wconf 89' lang='lat' dir='ltr'>civium</span> <span class='ocrx_word' id='word_1_77' title='bbox 1005 1253 1062 1292; x_wconf 91' lang='lat' dir='ltr'>seu</span> <span class='ocrx_word' id='word_1_78' title='bbox 1088 1232 1247 1294; x_wconf 80' lang='lat' dir='ltr'>Ceriales</span> 
     </span>
     <span class='ocr_line' id='line_1_12' title="bbox 125 1311 1246 1398; baseline 0 -21"><span class='ocrx_word' id='word_1_79' title='bbox 125 1315 330 1398; x_wconf 87' lang='lat' dir='ltr'>provinciae,</span> <span class='ocrx_word' id='word_1_80' title='bbox 357 1315 391 1372; x_wconf 88' lang='lat' dir='ltr'>in</span> <span class='ocrx_word' id='word_1_81' title='bbox 420 1335 483 1393; x_wconf 90' lang='lat' dir='ltr'>qua</span> <span class='ocrx_word' id='word_1_82' title='bbox 513 1320 732 1396; x_wconf 86' lang='lat' dir='ltr'>perpetratum</span> <span class='ocrx_word' id='word_1_83' title='bbox 759 1313 857 1374; x_wconf 83' lang='lat' dir='ltr'>fuisse</span> <span class='ocrx_word' id='word_1_84' title='bbox 891 1311 1097 1394; x_wconf 75' lang='lat' dir='ltr'>perhibetur,</span> <span class='ocrx_word' id='word_1_85' title='bbox 1130 1315 1246 1396; x_wconf 86' lang='lat' dir='ltr'>palum</span> 
     </span>
     <span class='ocr_line' id='line_1_13' title="bbox 125 1395 1245 1480; baseline 0 -22"><span class='ocrx_word' id='word_1_86' title='bbox 125 1398 306 1474; x_wconf 89' lang='lat' dir='ltr'>ostendere,</span> <span class='ocrx_word' id='word_1_87' title='bbox 327 1405 360 1458; x_wconf 92' lang='lat' dir='ltr'>et</span> <span class='ocrx_word' id='word_1_88' title='bbox 379 1395 509 1480; x_wconf 91' lang='lat' dir='ltr'>publica</span> <span class='ocrx_word' id='word_1_89' title='bbox 529 1395 774 1454; x_wconf 85' lang='lat' dir='ltr'>denuntiatione</span> <span class='ocrx_word' id='word_1_90' title='bbox 798 1396 1012 1458; x_wconf 86' lang='lat' dir='ltr'>manifestare.</span> <span class='ocrx_word' id='word_1_91' title='bbox 1038 1396 1141 1480; x_wconf 81' lang='lat' dir='ltr'>Igitur</span> <span class='ocrx_word' id='word_1_92' title='bbox 1161 1419 1245 1458; x_wconf 87' lang='lat' dir='ltr'>cnm</span> 
     </span>
     <span class='ocr_line' id='line_1_14' title="bbox 98 1476 1244 1564; baseline 0.002 -24"><span class='ocrx_word' id='word_1_93' title='bbox 98 1502 184 1564; x_wconf 87' lang='lat' dir='ltr'>pro</span> <span class='ocrx_word' id='word_1_94' title='bbox 217 1480 355 1540; x_wconf 88' lang='lat' dir='ltr'>utilitate</span> <span class='ocrx_word' id='word_1_95' title='bbox 388 1476 543 1540; x_wconf 89' lang='lat' dir='ltr'>ccclesiae</span> <span class='ocrx_word' id='word_1_96' title='bbox 574 1477 628 1538; x_wconf 93' lang='lat' dir='ltr'>vel</span> <span class='ocrx_word' id='word_1_97' title='bbox 659 1477 840 1560; x_wconf 92' lang='lat' dir='ltr'>principale</span> <span class='ocrx_word' id='word_1_98' title='bbox 868 1478 1003 1560; x_wconf 88' lang='lat' dir='ltr'>negocio</span> <span class='ocrx_word' id='word_1_99' title='bbox 1031 1478 1244 1561; x_wconf 87' lang='lat' dir='ltr'>Apostolicus</span> 
     </span>
    </p>

    <p class='ocr_par' dir='ltr' id='par_1_5' title="bbox 98 1559 1245 4286">
     <span class='ocr_line' id='line_1_15' title="bbox 124 1559 1244 1644; baseline -0.001 -20"><span class='ocrx_word' id='word_1_100' title='bbox 124 1562 186 1640; x_wconf 87' lang='lat' dir='ltr'>vir,</span> <span class='ocrx_word' id='word_1_101' title='bbox 207 1562 257 1622; x_wconf 93' lang='lat' dir='ltr'>illi</span> <span class='ocrx_word' id='word_1_102' title='bbox 278 1561 474 1644; x_wconf 88' lang='lat' dir='ltr'>Episcopus,</span> <span class='ocrx_word' id='word_1_103' title='bbox 507 1579 635 1620; x_wconf 90' lang='lat' dir='ltr'>necnon</span> <span class='ocrx_word' id='word_1_104' title='bbox 664 1567 695 1620; x_wconf 88' lang='lat' dir='ltr'>et</span> <span class='ocrx_word' id='word_1_105' title='bbox 727 1559 867 1620; x_wconf 86' lang='lat' dir='ltr'>inluster</span> <span class='ocrx_word' id='word_1_106' title='bbox 889 1559 938 1621; x_wconf 83' lang='lat' dir='ltr'>sir</span> <span class='ocrx_word' id='word_1_107' title='bbox 959 1560 1009 1620; x_wconf 92' lang='lat' dir='ltr'>illi</span> <span class='ocrx_word' id='word_1_108' title='bbox 1032 1562 1172 1637; x_wconf 87' lang='lat' dir='ltr'>Comes,</span> <span class='ocrx_word' id='word_1_109' title='bbox 1206 1565 1244 1623; x_wconf 93' lang='lat' dir='ltr'>in</span> 
     </span>
     <span class='ocr_line' id='line_1_16' title="bbox 126 1641 1245 1726; baseline -0.002 -20"><span class='ocrx_word' id='word_1_110' title='bbox 126 1645 254 1706; x_wconf 86' lang='lat' dir='ltr'>civitate</span> <span class='ocrx_word' id='word_1_111' title='bbox 277 1643 448 1704; x_wconf 90' lang='lat' dir='ltr'>Andecave</span> <span class='ocrx_word' id='word_1_112' title='bbox 478 1664 552 1702; x_wconf 88' lang='lat' dir='ltr'>cum</span> <span class='ocrx_word' id='word_1_113' title='bbox 571 1641 707 1724; x_wconf 89' lang='lat' dir='ltr'>reliquis</span> <span class='ocrx_word' id='word_1_114' title='bbox 729 1641 964 1704; x_wconf 88' lang='lat' dir='ltr'>venerabilibus</span> <span class='ocrx_word' id='word_1_115' title='bbox 990 1652 1085 1725; x_wconf 91' lang='lat' dir='ltr'>atque</span> <span class='ocrx_word' id='word_1_116' title='bbox 1113 1646 1245 1726; x_wconf 88' lang='lat' dir='ltr'>magui·</span> 
     </span>
     <span class='ocr_line' id='line_1_17' title="bbox 125 1723 1241 1809; baseline 0.002 -23"><span class='ocrx_word' id='word_1_117' title='bbox 125 1726 196 1789; x_wconf 88' lang='lat' dir='ltr'>ficis</span> <span class='ocrx_word' id='word_1_118' title='bbox 215 1725 263 1787; x_wconf 89' lang='lat' dir='ltr'>rei</span> <span class='ocrx_word' id='word_1_119' title='bbox 285 1726 433 1809; x_wconf 89' lang='lat' dir='ltr'>puplicae</span> <span class='ocrx_word' id='word_1_120' title='bbox 455 1724 533 1786; x_wconf 87' lang='lat' dir='ltr'>viris</span> <span class='ocrx_word' id='word_1_121' title='bbox 560 1725 731 1802; x_wconf 88' lang='lat' dir='ltr'>resedissit,</span> <span class='ocrx_word' id='word_1_122' title='bbox 754 1723 862 1808; x_wconf 86' lang='lat' dir='ltr'>ibique</span> <span class='ocrx_word' id='word_1_123' title='bbox 883 1725 1019 1788; x_wconf 90' lang='lat' dir='ltr'>veniens</span> <span class='ocrx_word' id='word_1_124' title='bbox 1040 1727 1147 1803; x_wconf 86' lang='lat' dir='ltr'>homo,</span> <span class='ocrx_word' id='word_1_125' title='bbox 1180 1749 1241 1788; x_wconf 92' lang='lat' dir='ltr'>no·</span> 
     </span>
     <span class='ocr_line' id='line_1_18' title="bbox 124 1807 1241 1892; baseline -0.002 -22"><span class='ocrx_word' id='word_1_126' title='bbox 124 1807 199 1870; x_wconf 83' lang='lat' dir='ltr'>suen</span> <span class='ocrx_word' id='word_1_127' title='bbox 221 1809 282 1886; x_wconf 91' lang='lat' dir='ltr'>illi,</span> <span class='ocrx_word' id='word_1_128' title='bbox 304 1809 408 1890; x_wconf 91' lang='lat' dir='ltr'>palam</span> <span class='ocrx_word' id='word_1_129' title='bbox 429 1815 624 1890; x_wconf 81' lang='lat' dir='ltr'>suggereret,</span> <span class='ocrx_word' id='word_1_130' title='bbox 643 1828 704 1868; x_wconf 91' lang='lat' dir='ltr'>ceu</span> <span class='ocrx_word' id='word_1_131' title='bbox 724 1829 793 1868; x_wconf 88' lang='lat' dir='ltr'>casa</span> <span class='ocrx_word' id='word_1_132' title='bbox 815 1807 925 1870; x_wconf 90' lang='lat' dir='ltr'>suain</span> <span class='ocrx_word' id='word_1_133' title='bbox 948 1809 1020 1869; x_wconf 94' lang='lat' dir='ltr'>loco</span> <span class='ocrx_word' id='word_1_134' title='bbox 1043 1829 1241 1892; x_wconf 88' lang='lat' dir='ltr'>nuncupau-</span> 
     </span>
     <span class='ocr_line' id='line_1_19' title="bbox 123 1887 1241 1972; baseline -0.004 -18"><span class='ocrx_word' id='word_1_135' title='bbox 123 1903 156 1955; x_wconf 90' lang='lat' dir='ltr'>te</span> <span class='ocrx_word' id='word_1_136' title='bbox 179 1892 257 1968; x_wconf 90' lang='lat' dir='ltr'>illo,</span> <span class='ocrx_word' id='word_1_137' title='bbox 286 1912 325 1951; x_wconf 92' lang='lat' dir='ltr'>eo</span> <span class='ocrx_word' id='word_1_138' title='bbox 356 1890 444 1972; x_wconf 91' lang='lat' dir='ltr'>quod</span> <span class='ocrx_word' id='word_1_139' title='bbox 469 1889 545 1949; x_wconf 90' lang='lat' dir='ltr'>mali</span> <span class='ocrx_word' id='word_1_140' title='bbox 572 1887 719 1952; x_wconf 87' lang='lat' dir='ltr'>homines</span> <span class='ocrx_word' id='word_1_141' title='bbox 742 1911 799 1972; x_wconf 89' lang='lat' dir='ltr'>per</span> <span class='ocrx_word' id='word_1_142' title='bbox 826 1900 951 1951; x_wconf 86' lang='lat' dir='ltr'>caecata</span> <span class='ocrx_word' id='word_1_143' title='bbox 978 1900 1071 1952; x_wconf 92' lang='lat' dir='ltr'>nocte</span> <span class='ocrx_word' id='word_1_144' title='bbox 1095 1892 1136 1952; x_wconf 89' lang='lat' dir='ltr'>ad</span> <span class='ocrx_word' id='word_1_145' title='bbox 1160 1915 1241 1954; x_wconf 89' lang='lat' dir='ltr'>casa</span> 
     </span>
     <span class='ocr_line' id='line_1_20' title="bbox 124 1972 1240 2054; baseline -0.002 -18"><span class='ocrx_word' id='word_1_146' title='bbox 124 1997 180 2037; x_wconf 89' lang='lat' dir='ltr'>sua</span> <span class='ocrx_word' id='word_1_147' title='bbox 203 1975 236 2034; x_wconf 94' lang='lat' dir='ltr'>in</span> <span class='ocrx_word' id='word_1_148' title='bbox 265 1974 337 2034; x_wconf 87' lang='lat' dir='ltr'>loco</span> <span class='ocrx_word' id='word_1_149' title='bbox 362 1981 569 2054; x_wconf 88' lang='lat' dir='ltr'>nuncupante</span> <span class='ocrx_word' id='word_1_150' title='bbox 594 1972 651 2032; x_wconf 94' lang='lat' dir='ltr'>illo</span> <span class='ocrx_word' id='word_1_151' title='bbox 672 1973 893 2044; x_wconf 86' lang='lat' dir='ltr'>advenissent,</span> <span class='ocrx_word' id='word_1_152' title='bbox 925 1982 957 2034; x_wconf 90' lang='lat' dir='ltr'>et</span> <span class='ocrx_word' id='word_1_153' title='bbox 983 1975 1062 2034; x_wconf 89' lang='lat' dir='ltr'>ostia</span> <span class='ocrx_word' id='word_1_154' title='bbox 1086 1995 1142 2034; x_wconf 91' lang='lat' dir='ltr'>sua</span> <span class='ocrx_word' id='word_1_155' title='bbox 1171 1975 1240 2034; x_wconf 86' lang='lat' dir='ltr'>fri-</span> 
     </span>
     <span class='ocr_line' id='line_1_21' title="bbox 124 2055 1239 2140; baseline 0 -24"><span class='ocrx_word' id='word_1_156' title='bbox 124 2058 262 2140; x_wconf 84' lang='lat' dir='ltr'>gissent,</span> <span class='ocrx_word' id='word_1_157' title='bbox 291 2056 343 2117; x_wconf 66' lang='lat' dir='ltr'>v&#39;el</span> <span class='ocrx_word' id='word_1_158' title='bbox 366 2078 417 2118; x_wconf 89' lang='lat' dir='ltr'>res</span> <span class='ocrx_word' id='word_1_159' title='bbox 444 2077 516 2116; x_wconf 87' lang='lat' dir='ltr'>suas</span> <span class='ocrx_word' id='word_1_160' title='bbox 545 2077 669 2133; x_wconf 87' lang='lat' dir='ltr'>aurum,</span> <span class='ocrx_word' id='word_1_161' title='bbox 692 2066 871 2138; x_wconf 88' lang='lat' dir='ltr'>argentum,</span> <span class='ocrx_word' id='word_1_162' title='bbox 898 2055 1031 2138; x_wconf 89' lang='lat' dir='ltr'>species,</span> <span class='ocrx_word' id='word_1_163' title='bbox 1054 2056 1239 2120; x_wconf 89' lang='lat' dir='ltr'>vestimen-</span> 
     </span>
     <span class='ocr_line' id='line_1_22' title="bbox 122 2139 1238 2220; baseline -0.002 -20"><span class='ocrx_word' id='word_1_164' title='bbox 122 2150 212 2217; x_wconf 87' lang='lat' dir='ltr'>tum,</span> <span class='ocrx_word' id='word_1_165' title='bbox 242 2139 451 2199; x_wconf 88' lang='lat' dir='ltr'>fabricaturas</span> <span class='ocrx_word' id='word_1_166' title='bbox 480 2161 571 2216; x_wconf 89' lang='lat' dir='ltr'>suas,</span> <span class='ocrx_word' id='word_1_167' title='bbox 594 2161 667 2199; x_wconf 89' lang='lat' dir='ltr'>vasa</span> <span class='ocrx_word' id='word_1_168' title='bbox 689 2159 792 2215; x_wconf 87' lang='lat' dir='ltr'>cerea,</span> <span class='ocrx_word' id='word_1_169' title='bbox 812 2140 864 2200; x_wconf 83' lang='lat' dir='ltr'>vel</span> <span class='ocrx_word' id='word_1_170' title='bbox 885 2139 1026 2220; x_wconf 87' lang='lat' dir='ltr'>reliquas</span> <span class='ocrx_word' id='word_1_171' title='bbox 1046 2161 1097 2199; x_wconf 90' lang='lat' dir='ltr'>res</span> <span class='ocrx_word' id='word_1_172' title='bbox 1121 2159 1238 2218; x_wconf 90' lang='lat' dir='ltr'>quam-</span> 
     </span>
     <span class='ocr_line' id='line_1_23' title="bbox 120 2219 1237 2307; baseline 0 -25"><span class='ocrx_word' id='word_1_173' title='bbox 120 2223 242 2307; x_wconf 85' lang='lat' dir='ltr'>plures,</span> <span class='ocrx_word' id='word_1_174' title='bbox 265 2243 338 2280; x_wconf 90' lang='lat' dir='ltr'>cum</span> <span class='ocrx_word' id='word_1_175' title='bbox 362 2229 537 2282; x_wconf 88' lang='lat' dir='ltr'>strumenta</span> <span class='ocrx_word' id='word_1_176' title='bbox 562 2231 720 2281; x_wconf 89' lang='lat' dir='ltr'>cartarum</span> <span class='ocrx_word' id='word_1_177' title='bbox 742 2221 947 2300; x_wconf 87' lang='lat' dir='ltr'>vindicionis,</span> <span class='ocrx_word' id='word_1_178' title='bbox 970 2219 1138 2300; x_wconf 88' lang='lat' dir='ltr'>cantionis,</span> <span class='ocrx_word' id='word_1_179' title='bbox 1159 2241 1237 2282; x_wconf 89' lang='lat' dir='ltr'>ces-</span> 
     </span>
     <span class='ocr_line' id='line_1_24' title="bbox 122 2302 1233 2385; baseline -0.001 -20"><span class='ocrx_word' id='word_1_180' title='bbox 122 2304 232 2380; x_wconf 87' lang='lat' dir='ltr'>sionis,</span> <span class='ocrx_word' id='word_1_181' title='bbox 255 2302 447 2378; x_wconf 88' lang='lat' dir='ltr'>donationis,</span> <span class='ocrx_word' id='word_1_182' title='bbox 474 2303 556 2364; x_wconf 89' lang='lat' dir='ltr'>dotis</span> <span class='ocrx_word' id='word_1_183' title='bbox 578 2303 852 2385; x_wconf 87' lang='lat' dir='ltr'>conposcionalis,</span> <span class='ocrx_word' id='word_1_184' title='bbox 874 2304 1119 2381; x_wconf 89' lang='lat' dir='ltr'>contulationis,</span> <span class='ocrx_word' id='word_1_185' title='bbox 1148 2325 1233 2385; x_wconf 89' lang='lat' dir='ltr'>pac-</span> 
     </span>
     <span class='ocr_line' id='line_1_25' title="bbox 120 2386 1236 2467; baseline 0 -21"><span class='ocrx_word' id='word_1_186' title='bbox 120 2388 173 2463; x_wconf 88' lang='lat' dir='ltr'>tis,</span> <span class='ocrx_word' id='word_1_187' title='bbox 195 2386 462 2464; x_wconf 83' lang='lat' dir='ltr'>conmutationis,</span> <span class='ocrx_word' id='word_1_188' title='bbox 485 2386 721 2464; x_wconf 86' lang='lat' dir='ltr'>convenentiis,</span> <span class='ocrx_word' id='word_1_189' title='bbox 742 2387 936 2464; x_wconf 85' lang='lat' dir='ltr'>securitatis,</span> <span class='ocrx_word' id='word_1_190' title='bbox 959 2386 1162 2467; x_wconf 77' lang='lat' dir='ltr'>vacuaturiis,</span> <span class='ocrx_word' id='word_1_191' title='bbox 1184 2386 1236 2446; x_wconf 91' lang='lat' dir='ltr'>iu-</span> 
     </span>
     <span class='ocr_line' id='line_1_26' title="bbox 122 2467 1233 2550; baseline -0.001 -20"><span class='ocrx_word' id='word_1_192' title='bbox 122 2467 226 2530; x_wconf 90' lang='lat' dir='ltr'>dicius</span> <span class='ocrx_word' id='word_1_193' title='bbox 247 2477 279 2528; x_wconf 90' lang='lat' dir='ltr'>et</span> <span class='ocrx_word' id='word_1_194' title='bbox 304 2467 450 2545; x_wconf 88' lang='lat' dir='ltr'>notitias,</span> <span class='ocrx_word' id='word_1_195' title='bbox 473 2467 694 2546; x_wconf 86' lang='lat' dir='ltr'>oblecationis,</span> <span class='ocrx_word' id='word_1_196' title='bbox 716 2468 770 2528; x_wconf 84' lang='lat' dir='ltr'>vel</span> <span class='ocrx_word' id='word_1_197' title='bbox 792 2469 934 2550; x_wconf 87' lang='lat' dir='ltr'>reliquas</span> <span class='ocrx_word' id='word_1_198' title='bbox 957 2489 1007 2530; x_wconf 89' lang='lat' dir='ltr'>res</span> <span class='ocrx_word' id='word_1_199' title='bbox 1052 2491 1125 2528; x_wconf 88' lang='lat' dir='ltr'>uam</span> <span class='ocrx_word' id='word_1_200' title='bbox 1148 2470 1233 2548; x_wconf 91' lang='lat' dir='ltr'>plu-</span> 
     </span>
     <span class='ocr_line' id='line_1_27' title="bbox 122 2491 1234 2632; baseline -0.003 -20"><span class='ocrx_word' id='word_1_201' title='bbox 122 2571 186 2626; x_wconf 88' lang='lat' dir='ltr'>res,</span> <span class='ocrx_word' id='word_1_202' title='bbox 211 2571 308 2632; x_wconf 87' lang='lat' dir='ltr'>quam</span> <span class='ocrx_word' id='word_1_203' title='bbox 331 2549 463 2630; x_wconf 84' lang='lat' dir='ltr'>longum</span> <span class='ocrx_word' id='word_1_204' title='bbox 481 2559 529 2611; x_wconf 90' lang='lat' dir='ltr'>est</span> <span class='ocrx_word' id='word_1_205' title='bbox 548 2571 607 2632; x_wconf 92' lang='lat' dir='ltr'>per</span> <span class='ocrx_word' id='word_1_206' title='bbox 627 2550 754 2632; x_wconf 88' lang='lat' dir='ltr'>singula</span> <span class='ocrx_word' id='word_1_207' title='bbox 775 2549 953 2629; x_wconf 89' lang='lat' dir='ltr'>minustire,</span> <span class='ocrx_word' id='word_1_208' title='bbox 974 2552 1014 2612; x_wconf 93' lang='lat' dir='ltr'>ad</span> <span class='ocrx_word' id='word_1_209' title='bbox 1030 2491 1132 2614; x_wconf 75' lang='lat' dir='ltr'>¹iustis</span> <span class='ocrx_word' id='word_1_210' title='bbox 1153 2572 1234 2611; x_wconf 89' lang='lat' dir='ltr'>can-</span> 
     </span>
     <span class='ocr_line' id='line_1_28' title="bbox 122 2631 1230 2717; baseline 0 -23"><span class='ocrx_word' id='word_1_211' title='bbox 122 2633 164 2694; x_wconf 93' lang='lat' dir='ltr'>sis</span> <span class='ocrx_word' id='word_1_212' title='bbox 190 2631 419 2713; x_wconf 88' lang='lat' dir='ltr'>deportassent.</span> <span class='ocrx_word' id='word_1_213' title='bbox 461 2632 553 2693; x_wconf 93' lang='lat' dir='ltr'>Unde</span> <span class='ocrx_word' id='word_1_214' title='bbox 582 2653 642 2712; x_wconf 89' lang='lat' dir='ltr'>per</span> <span class='ocrx_word' id='word_1_215' title='bbox 663 2632 744 2714; x_wconf 87' lang='lat' dir='ltr'>ipsas</span> <span class='ocrx_word' id='word_1_216' title='bbox 771 2643 871 2694; x_wconf 91' lang='lat' dir='ltr'>cartas</span> <span class='ocrx_word' id='word_1_217' title='bbox 895 2634 1002 2714; x_wconf 90' lang='lat' dir='ltr'>pluras</span> <span class='ocrx_word' id='word_1_218' title='bbox 1025 2645 1124 2696; x_wconf 86' lang='lat' dir='ltr'>terras</span> <span class='ocrx_word' id='word_1_219' title='bbox 1152 2644 1230 2717; x_wconf 89' lang='lat' dir='ltr'>post</span> 
     </span>
     <span class='ocr_line' id='line_1_29' title="bbox 122 2714 1229 2780; baseline 0.001 -3"><span class='ocrx_word' id='word_1_220' title='bbox 122 2737 154 2777; x_wconf 89' lang='lat' dir='ltr'>se</span> <span class='ocrx_word' id='word_1_221' title='bbox 180 2715 287 2778; x_wconf 90' lang='lat' dir='ltr'>dicere</span> <span class='ocrx_word' id='word_1_222' title='bbox 311 2714 489 2776; x_wconf 85' lang='lat' dir='ltr'>venditum:</span> <span class='ocrx_word' id='word_1_223' title='bbox 523 2724 556 2775; x_wconf 92' lang='lat' dir='ltr'>et</span> <span class='ocrx_word' id='word_1_224' title='bbox 585 2717 618 2775; x_wconf 89' lang='lat' dir='ltr'>in</span> <span class='ocrx_word' id='word_1_225' title='bbox 641 2724 821 2775; x_wconf 89' lang='lat' dir='ltr'>castrenum</span> <span class='ocrx_word' id='word_1_226' title='bbox 840 2716 941 2776; x_wconf 91' lang='lat' dir='ltr'>locale</span> <span class='ocrx_word' id='word_1_227' title='bbox 958 2719 1137 2780; x_wconf 85' lang='lat' dir='ltr'>accessione</span> <span class='ocrx_word' id='word_1_228' title='bbox 1160 2739 1229 2778; x_wconf 87' lang='lat' dir='ltr'>una</span> 
     </span>
     <span class='ocr_line' id='line_1_30' title="bbox 122 2797 1226 2881; baseline 0.002 -21"><span class='ocrx_word' id='word_1_229' title='bbox 122 2819 196 2860; x_wconf 90' lang='lat' dir='ltr'>cum</span> <span class='ocrx_word' id='word_1_230' title='bbox 231 2797 330 2858; x_wconf 91' lang='lat' dir='ltr'>bonas</span> <span class='ocrx_word' id='word_1_231' title='bbox 359 2805 525 2858; x_wconf 82' lang='lat' dir='ltr'>extraneas</span> <span class='ocrx_word' id='word_1_232' title='bbox 556 2819 708 2881; x_wconf 88' lang='lat' dir='ltr'>personas</span> <span class='ocrx_word' id='word_1_233' title='bbox 740 2797 856 2858; x_wconf 91' lang='lat' dir='ltr'>vicinis</span> <span class='ocrx_word' id='word_1_234' title='bbox 888 2798 971 2859; x_wconf 90' lang='lat' dir='ltr'>circa</span> <span class='ocrx_word' id='word_1_235' title='bbox 1000 2801 1159 2864; x_wconf 87' lang='lat' dir='ltr'>manentis</span> <span class='ocrx_word' id='word_1_236' title='bbox 1191 2799 1226 2862; x_wconf 94' lang='lat' dir='ltr'>in</span> 
     </span>
     <span class='ocr_line' id='line_1_31' title="bbox 121 2879 1229 2963; baseline 0.005 -23"><span class='ocrx_word' id='word_1_237' title='bbox 121 2882 190 2963; x_wconf 92' lang='lat' dir='ltr'>ipso</span> <span class='ocrx_word' id='word_1_238' title='bbox 213 2879 285 2942; x_wconf 91' lang='lat' dir='ltr'>loco</span> <span class='ocrx_word' id='word_1_239' title='bbox 313 2879 459 2941; x_wconf 89' lang='lat' dir='ltr'>manibus</span> <span class='ocrx_word' id='word_1_240' title='bbox 485 2901 596 2940; x_wconf 89' lang='lat' dir='ltr'>eornm</span> <span class='ocrx_word' id='word_1_241' title='bbox 626 2879 788 2942; x_wconf 87' lang='lat' dir='ltr'>roboratas</span> <span class='ocrx_word' id='word_1_242' title='bbox 813 2881 1000 2941; x_wconf 88' lang='lat' dir='ltr'>accessisse:</span> <span class='ocrx_word' id='word_1_243' title='bbox 1030 2891 1062 2942; x_wconf 87' lang='lat' dir='ltr'>et</span> <span class='ocrx_word' id='word_1_244' title='bbox 1090 2884 1131 2943; x_wconf 91' lang='lat' dir='ltr'>ob</span> <span class='ocrx_word' id='word_1_245' title='bbox 1163 2885 1229 2946; x_wconf 85' lang='lat' dir='ltr'>hoc</span> 
     </span>
     <span class='ocr_line' id='line_1_32' title="bbox 121 2961 1233 3046; baseline 0.003 -22"><span class='ocrx_word' id='word_1_246' title='bbox 121 2964 250 3046; x_wconf 85' lang='lat' dir='ltr'>cognita</span> <span class='ocrx_word' id='word_1_247' title='bbox 279 2961 436 3024; x_wconf 83' lang='lat' dir='ltr'>relatione</span> <span class='ocrx_word' id='word_1_248' title='bbox 466 2973 539 3022; x_wconf 89' lang='lat' dir='ltr'>ante</span> <span class='ocrx_word' id='word_1_249' title='bbox 564 2963 797 3046; x_wconf 90' lang='lat' dir='ltr'>suprascriptus</span> <span class='ocrx_word' id='word_1_250' title='bbox 817 2961 964 3024; x_wconf 90' lang='lat' dir='ltr'>senioriis</span> <span class='ocrx_word' id='word_1_251' title='bbox 982 2967 1233 3044; x_wconf 88' lang='lat' dir='ltr'>praesentabant</span> 
     </span>
     <span class='ocr_line' id='line_1_33' title="bbox 121 3045 1230 3128; baseline 0.002 -21"><span class='ocrx_word' id='word_1_252' title='bbox 121 3051 161 3108; x_wconf 86' lang='lat' dir='ltr'>ad</span> <span class='ocrx_word' id='word_1_253' title='bbox 189 3047 420 3128; x_wconf 87' lang='lat' dir='ltr'>relegendum,</span> <span class='ocrx_word' id='word_1_254' title='bbox 452 3066 634 3128; x_wconf 90' lang='lat' dir='ltr'>perquem</span> <span class='ocrx_word' id='word_1_255' title='bbox 665 3046 770 3128; x_wconf 89' lang='lat' dir='ltr'>ipsum</span> <span class='ocrx_word' id='word_1_256' title='bbox 804 3045 947 3106; x_wconf 81' lang='lat' dir='ltr'>seniores</span> <span class='ocrx_word' id='word_1_257' title='bbox 983 3059 1230 3126; x_wconf 88' lang='lat' dir='ltr'>coguoverunt,</span> 
     </span>
     <span class='ocr_line' id='line_1_34' title="bbox 121 3128 1230 3211; baseline 0.002 -23"><span class='ocrx_word' id='word_1_258' title='bbox 121 3130 209 3211; x_wconf 91' lang='lat' dir='ltr'>quod</span> <span class='ocrx_word' id='word_1_259' title='bbox 237 3129 303 3210; x_wconf 87' lang='lat' dir='ltr'>ipsa</span> <span class='ocrx_word' id='word_1_260' title='bbox 335 3151 428 3190; x_wconf 88' lang='lat' dir='ltr'>causa</span> <span class='ocrx_word' id='word_1_261' title='bbox 453 3128 561 3188; x_wconf 91' lang='lat' dir='ltr'>taliter</span> <span class='ocrx_word' id='word_1_262' title='bbox 584 3138 653 3189; x_wconf 88' lang='lat' dir='ltr'>acta</span> <span class='ocrx_word' id='word_1_263' title='bbox 684 3129 737 3189; x_wconf 91' lang='lat' dir='ltr'>vel</span> <span class='ocrx_word' id='word_1_264' title='bbox 768 3137 950 3210; x_wconf 87' lang='lat' dir='ltr'>perpetrata</span> <span class='ocrx_word' id='word_1_265' title='bbox 976 3129 1095 3188; x_wconf 83' lang='lat' dir='ltr'>fuisset.</span> <span class='ocrx_word' id='word_1_266' title='bbox 1140 3133 1230 3192; x_wconf 91' lang='lat' dir='ltr'>Dum</span> 
     </span>
     <span class='ocr_line' id='line_1_35' title="bbox 121 3209 1229 3293; baseline 0.005 -23"><span class='ocrx_word' id='word_1_267' title='bbox 121 3213 229 3271; x_wconf 86' lang='lat' dir='ltr'>taliter</span> <span class='ocrx_word' id='word_1_268' title='bbox 255 3210 425 3292; x_wconf 90' lang='lat' dir='ltr'>diligentia</span> <span class='ocrx_word' id='word_1_269' title='bbox 444 3209 610 3291; x_wconf 86' lang='lat' dir='ltr'>inquirere</span> <span class='ocrx_word' id='word_1_270' title='bbox 632 3211 781 3288; x_wconf 89' lang='lat' dir='ltr'>videtur,</span> <span class='ocrx_word' id='word_1_271' title='bbox 809 3211 989 3272; x_wconf 88' lang='lat' dir='ltr'>sublectum</span> <span class='ocrx_word' id='word_1_272' title='bbox 1006 3209 1068 3268; x_wconf 86' lang='lat' dir='ltr'>fuit</span> <span class='ocrx_word' id='word_1_273' title='bbox 1086 3212 1130 3272; x_wconf 89' lang='lat' dir='ltr'>ad·</span> <span class='ocrx_word' id='word_1_274' title='bbox 1143 3213 1229 3293; x_wconf 89' lang='lat' dir='ltr'>ipsas</span> 
     </span>
     <span class='ocr_line' id='line_1_36' title="bbox 119 3291 1227 3374; baseline 0.001 -19"><span class='ocrx_word' id='word_1_275' title='bbox 119 3295 220 3355; x_wconf 90' lang='lat' dir='ltr'>bonas</span> <span class='ocrx_word' id='word_1_276' title='bbox 247 3303 387 3354; x_wconf 88' lang='lat' dir='ltr'>straneas</span> <span class='ocrx_word' id='word_1_277' title='bbox 416 3314 566 3374; x_wconf 89' lang='lat' dir='ltr'>personas</span> <span class='ocrx_word' id='word_1_278' title='bbox 590 3291 705 3355; x_wconf 79' lang='lat' dir='ltr'>ricinis</span> <span class='ocrx_word' id='word_1_279' title='bbox 732 3294 818 3354; x_wconf 90' lang='lat' dir='ltr'>circa</span> <span class='ocrx_word' id='word_1_280' title='bbox 846 3303 1030 3367; x_wconf 88' lang='lat' dir='ltr'>manentes,</span> <span class='ocrx_word' id='word_1_281' title='bbox 1063 3294 1121 3374; x_wconf 93' lang='lat' dir='ltr'>qni</span> <span class='ocrx_word' id='word_1_282' title='bbox 1142 3295 1227 3356; x_wconf 88' lang='lat' dir='ltr'>bene</span> 
     </span>
     <span class='ocr_line' id='line_1_37' title="bbox 120 3375 1228 3458; baseline 0 -20"><span class='ocrx_word' id='word_1_283' title='bbox 120 3378 238 3458; x_wconf 76' lang='lat' dir='ltr'>optime</span> <span class='ocrx_word' id='word_1_284' title='bbox 264 3398 305 3436; x_wconf 80' lang='lat' dir='ltr'>ex</span> <span class='ocrx_word' id='word_1_285' title='bbox 325 3375 388 3436; x_wconf 90' lang='lat' dir='ltr'>hoe</span> <span class='ocrx_word' id='word_1_286' title='bbox 408 3375 564 3457; x_wconf 84' lang='lat' dir='ltr'>comperti</span> <span class='ocrx_word' id='word_1_287' title='bbox 585 3375 725 3452; x_wconf 89' lang='lat' dir='ltr'>aderant,</span> <span class='ocrx_word' id='word_1_288' title='bbox 747 3377 828 3458; x_wconf 89' lang='lat' dir='ltr'>quid</span> <span class='ocrx_word' id='word_1_289' title='bbox 852 3375 970 3436; x_wconf 77' lang='lat' dir='ltr'>exinde</span> <span class='ocrx_word' id='word_1_290' title='bbox 994 3377 1228 3455; x_wconf 87' lang='lat' dir='ltr'>cognuscibant</span> 
     </span>
     <span class='ocr_line' id='line_1_38' title="bbox 119 3456 1226 3542; baseline -0.001 -21"><span class='ocrx_word' id='word_1_291' title='bbox 119 3460 276 3521; x_wconf 79' lang='lat' dir='ltr'>veraciter</span> <span class='ocrx_word' id='word_1_292' title='bbox 296 3480 446 3520; x_wconf 89' lang='lat' dir='ltr'>enarrare</span> <span class='ocrx_word' id='word_1_293' title='bbox 473 3457 644 3535; x_wconf 88' lang='lat' dir='ltr'>deberent,</span> <span class='ocrx_word' id='word_1_294' title='bbox 673 3480 705 3519; x_wconf 90' lang='lat' dir='ltr'>se</span> <span class='ocrx_word' id='word_1_295' title='bbox 733 3458 792 3541; x_wconf 91' lang='lat' dir='ltr'>ipsi</span> <span class='ocrx_word' id='word_1_296' title='bbox 818 3458 915 3519; x_wconf 89' lang='lat' dir='ltr'>homo</span> <span class='ocrx_word' id='word_1_297' title='bbox 940 3456 1047 3516; x_wconf 89' lang='lat' dir='ltr'>taliter</span> <span class='ocrx_word' id='word_1_298' title='bbox 1065 3461 1226 3542; x_wconf 90' lang='lat' dir='ltr'>praebue-</span> 
     </span>
     <span class='ocr_line' id='line_1_39' title="bbox 119 3539 1228 3626; baseline -0.001 -23"><span class='ocrx_word' id='word_1_299' title='bbox 119 3552 198 3603; x_wconf 89' lang='lat' dir='ltr'>runt</span> <span class='ocrx_word' id='word_1_300' title='bbox 217 3541 453 3618; x_wconf 88' lang='lat' dir='ltr'>testimoninm,</span> <span class='ocrx_word' id='word_1_301' title='bbox 475 3550 511 3600; x_wconf 86' lang='lat' dir='ltr'>ut</span> <span class='ocrx_word' id='word_1_302' title='bbox 534 3541 677 3624; x_wconf 88' lang='lat' dir='ltr'>inspecta</span> <span class='ocrx_word' id='word_1_303' title='bbox 698 3539 755 3602; x_wconf 85' lang='lat' dir='ltr'>illa</span> <span class='ocrx_word' id='word_1_304' title='bbox 781 3542 926 3624; x_wconf 88' lang='lat' dir='ltr'>epistola,</span> <span class='ocrx_word' id='word_1_305' title='bbox 941 3561 1036 3620; x_wconf 90' lang='lat' dir='ltr'>quem</span> <span class='ocrx_word' id='word_1_306' title='bbox 1060 3543 1111 3603; x_wconf 91' lang='lat' dir='ltr'>illi</span> <span class='ocrx_word' id='word_1_307' title='bbox 1136 3563 1228 3626; x_wconf 89' lang='lat' dir='ltr'>prae·</span> 
     </span>
     <span class='ocr_line' id='line_1_40' title="bbox 120 3623 1228 3701; baseline 0 -15"><span class='ocrx_word' id='word_1_308' title='bbox 120 3625 285 3701; x_wconf 87' lang='lat' dir='ltr'>sentabat,</span> <span class='ocrx_word' id='word_1_309' title='bbox 317 3646 373 3684; x_wconf 88' lang='lat' dir='ltr'>sua</span> <span class='ocrx_word' id='word_1_310' title='bbox 397 3623 641 3685; x_wconf 88' lang='lat' dir='ltr'>denuntiatione</span> <span class='ocrx_word' id='word_1_311' title='bbox 665 3623 823 3687; x_wconf 86' lang='lat' dir='ltr'>veraciter</span> <span class='ocrx_word' id='word_1_312' title='bbox 851 3623 1097 3686; x_wconf 78' lang='lat' dir='ltr'>concordabant.</span> <span class='ocrx_word' id='word_1_313' title='bbox 1139 3627 1228 3690; x_wconf 85' lang='lat' dir='ltr'>Dum</span> 
     </span>
     <span class='ocr_line' id='line_1_41' title="bbox 120 3705 1226 3790; baseline 0 -20"><span class='ocrx_word' id='word_1_314' title='bbox 120 3707 166 3770; x_wconf 86' lang='lat' dir='ltr'>sic</span> <span class='ocrx_word' id='word_1_315' title='bbox 192 3706 225 3766; x_wconf 91' lang='lat' dir='ltr'>in</span> <span class='ocrx_word' id='word_1_316' title='bbox 257 3705 404 3766; x_wconf 88' lang='lat' dir='ltr'>omnibus</span> <span class='ocrx_word' id='word_1_317' title='bbox 430 3706 598 3788; x_wconf 90' lang='lat' dir='ltr'>devolgata</span> <span class='ocrx_word' id='word_1_318' title='bbox 625 3707 751 3783; x_wconf 89' lang='lat' dir='ltr'>claruit,</span> <span class='ocrx_word' id='word_1_319' title='bbox 773 3708 799 3768; x_wconf 91' lang='lat' dir='ltr'>si</span> <span class='ocrx_word' id='word_1_320' title='bbox 820 3705 1051 3790; x_wconf 88' lang='lat' dir='ltr'>suprascriptus</span> <span class='ocrx_word' id='word_1_321' title='bbox 1072 3709 1226 3772; x_wconf 85' lang='lat' dir='ltr'>Pontifex</span> 
     </span>
     <span class='ocr_line' id='line_1_42' title="bbox 121 3785 1228 3875; baseline 0 -23"><span class='ocrx_word' id='word_1_322' title='bbox 121 3785 155 3852; x_wconf 84' lang='lat' dir='ltr'>et</span> <span class='ocrx_word' id='word_1_323' title='bbox 180 3789 242 3872; x_wconf 92' lang='lat' dir='ltr'>ipsi</span> <span class='ocrx_word' id='word_1_324' title='bbox 263 3789 371 3850; x_wconf 85' lang='lat' dir='ltr'>Comis</span> <span class='ocrx_word' id='word_1_325' title='bbox 392 3789 444 3850; x_wconf 90' lang='lat' dir='ltr'>vel</span> <span class='ocrx_word' id='word_1_326' title='bbox 467 3789 524 3868; x_wconf 91' lang='lat' dir='ltr'>qui</span> <span class='ocrx_word' id='word_1_327' title='bbox 552 3811 626 3850; x_wconf 90' lang='lat' dir='ltr'>cum</span> <span class='ocrx_word' id='word_1_328' title='bbox 646 3810 684 3850; x_wconf 90' lang='lat' dir='ltr'>eo</span> <span class='ocrx_word' id='word_1_329' title='bbox 707 3790 850 3868; x_wconf 88' lang='lat' dir='ltr'>aderaut,</span> <span class='ocrx_word' id='word_1_330' title='bbox 876 3789 1149 3852; x_wconf 80' lang='lat' dir='ltr'>denuntiaverunt</span> <span class='ocrx_word' id='word_1_331' title='bbox 1175 3793 1228 3875; x_wconf 89' lang='lat' dir='ltr'>ip-</span> 
     </span>
     <span class='ocr_line' id='line_1_43' title="bbox 98 3869 1225 3955; baseline 0.004 -25"><span class='ocrx_word' id='word_1_332' title='bbox 98 3869 187 3936; x_wconf 74' lang='lat' dir='ltr'>·s&#39;ius</span> <span class='ocrx_word' id='word_1_333' title='bbox 208 3871 269 3949; x_wconf 92' lang='lat' dir='ltr'>illi,</span> <span class='ocrx_word' id='word_1_334' title='bbox 296 3883 330 3933; x_wconf 90' lang='lat' dir='ltr'>ut</span> <span class='ocrx_word' id='word_1_335' title='bbox 354 3870 511 3954; x_wconf 89' lang='lat' dir='ltr'>quicquid</span> <span class='ocrx_word' id='word_1_336' title='bbox 539 3893 597 3953; x_wconf 90' lang='lat' dir='ltr'>per</span> <span class='ocrx_word' id='word_1_337' title='bbox 624 3893 782 3932; x_wconf 91' lang='lat' dir='ltr'>annorum</span> <span class='ocrx_word' id='word_1_338' title='bbox 807 3872 924 3955; x_wconf 90' lang='lat' dir='ltr'>spatia,</span> <span class='ocrx_word' id='word_1_339' title='bbox 948 3875 987 3936; x_wconf 87' lang='lat' dir='ltr'>de</span> <span class='ocrx_word' id='word_1_340' title='bbox 1017 3895 1054 3934; x_wconf 91' lang='lat' dir='ltr'>eo</span> <span class='ocrx_word' id='word_1_341' title='bbox 1081 3883 1225 3954; x_wconf 87' lang='lat' dir='ltr'>ternpore</span> 
     </span>
     <span class='ocr_line' id='line_1_44' title="bbox 121 3954 1226 4036; baseline 0.001 -21"><span class='ocrx_word' id='word_1_342' title='bbox 121 3977 225 4036; x_wconf 89' lang='lat' dir='ltr'>nsque</span> <span class='ocrx_word' id='word_1_343' title='bbox 251 3976 338 4014; x_wconf 90' lang='lat' dir='ltr'>nunc</span> <span class='ocrx_word' id='word_1_344' title='bbox 359 3965 445 4014; x_wconf 87' lang='lat' dir='ltr'>recte</span> <span class='ocrx_word' id='word_1_345' title='bbox 475 3963 507 4013; x_wconf 88' lang='lat' dir='ltr'>et</span> <span class='ocrx_word' id='word_1_346' title='bbox 527 3954 676 4036; x_wconf 88' lang='lat' dir='ltr'>legaliter</span> <span class='ocrx_word' id='word_1_347' title='bbox 701 3955 901 4036; x_wconf 86' lang='lat' dir='ltr'>possederat,</span> <span class='ocrx_word' id='word_1_348' title='bbox 937 3956 1066 4016; x_wconf 87' lang='lat' dir='ltr'>inantea</span> <span class='ocrx_word' id='word_1_349' title='bbox 1093 3956 1226 4018; x_wconf 88' lang='lat' dir='ltr'>obsolve</span> 
     </span>
     <span class='ocr_line' id='line_1_45' title="bbox 121 4035 1224 4133; baseline 0.002 -37"><span class='ocrx_word' id='word_1_350' title='bbox 121 4039 301 4133; x_wconf 88' lang='lat' dir='ltr'>principale</span> <span class='ocrx_word' id='word_1_351' title='bbox 324 4037 453 4120; x_wconf 81' lang='lat' dir='ltr'>negotio</span> <span class='ocrx_word' id='word_1_352' title='bbox 474 4046 563 4098; x_wconf 87' lang='lat' dir='ltr'>recto</span> <span class='ocrx_word' id='word_1_353' title='bbox 584 4036 709 4097; x_wconf 86' lang='lat' dir='ltr'>tramite</span> <span class='ocrx_word' id='word_1_354' title='bbox 729 4047 842 4120; x_wconf 76' lang='lat' dir='ltr'>testata</span> <span class='ocrx_word' id='word_1_355' title='bbox 866 4039 937 4122; x_wconf 89' lang='lat' dir='ltr'>lege</span> <span class='ocrx_word' id='word_1_356' title='bbox 958 4039 1067 4116; x_wconf 86' lang='lat' dir='ltr'>servit,</span> <span class='ocrx_word' id='word_1_357' title='bbox 1088 4060 1139 4101; x_wconf 86' lang='lat' dir='ltr'>res</span> <span class='ocrx_word' id='word_1_358' title='bbox 1152 4035 1224 4100; x_wconf 83' lang='lat' dir='ltr'>suas</span> 
     </span>
     <span class='ocr_line' id='line_1_46' title="bbox 123 4118 1224 4204; baseline 0 -26"><span class='ocrx_word' id='word_1_359' title='bbox 123 4120 184 4200; x_wconf 78' lang='lat' dir='ltr'>ipsi</span> <span class='ocrx_word' id='word_1_360' title='bbox 215 4130 270 4180; x_wconf 90' lang='lat' dir='ltr'>aut</span> <span class='ocrx_word' id='word_1_361' title='bbox 293 4119 420 4180; x_wconf 89' lang='lat' dir='ltr'>heredis</span> <span class='ocrx_word' id='word_1_362' title='bbox 446 4119 496 4179; x_wconf 91' lang='lat' dir='ltr'>sui</span> <span class='ocrx_word' id='word_1_363' title='bbox 526 4118 631 4179; x_wconf 87' lang='lat' dir='ltr'>tenire</span> <span class='ocrx_word' id='word_1_364' title='bbox 658 4129 691 4180; x_wconf 91' lang='lat' dir='ltr'>et</span> <span class='ocrx_word' id='word_1_365' title='bbox 719 4121 881 4202; x_wconf 90' lang='lat' dir='ltr'>possedire</span> <span class='ocrx_word' id='word_1_366' title='bbox 914 4120 1042 4182; x_wconf 87' lang='lat' dir='ltr'>faciant.</span> <span class='ocrx_word' id='word_1_367' title='bbox 1094 4122 1136 4182; x_wconf 89' lang='lat' dir='ltr'>Et</span> <span class='ocrx_word' id='word_1_368' title='bbox 1164 4140 1224 4204; x_wconf 92' lang='lat' dir='ltr'>pro</span> 
     </span>
     <span class='ocr_line' id='line_1_47' title="bbox 124 4199 1223 4286; baseline 0 -24"><span class='ocrx_word' id='word_1_369' title='bbox 124 4199 292 4286; x_wconf 82' lang='lat' dir='ltr'>praesente</span> <span class='ocrx_word' id='word_1_370' title='bbox 313 4211 345 4264; x_wconf 89' lang='lat' dir='ltr'>et</span> <span class='ocrx_word' id='word_1_371' title='bbox 372 4203 479 4264; x_wconf 82' lang='lat' dir='ltr'>lutura</span> <span class='ocrx_word' id='word_1_372' title='bbox 501 4212 644 4286; x_wconf 83' lang='lat' dir='ltr'>tempora</span> <span class='ocrx_word' id='word_1_373' title='bbox 670 4203 832 4281; x_wconf 88' lang='lat' dir='ltr'>convenit,</span> <span class='ocrx_word' id='word_1_374' title='bbox 854 4211 890 4264; x_wconf 89' lang='lat' dir='ltr'>ut</span> <span class='ocrx_word' id='word_1_375' title='bbox 910 4201 993 4266; x_wconf 90' lang='lat' dir='ltr'>hanc</span> <span class='ocrx_word' id='word_1_376' title='bbox 1013 4203 1143 4284; x_wconf 84' lang='lat' dir='ltr'>cartola,</span> <span class='ocrx_word' id='word_1_377' title='bbox 1166 4203 1223 4286; x_wconf 89' lang='lat' dir='ltr'>qui</span> 
     </span>
    </p>
   </div>
   <div class='ocr_carea' id='block_1_5' title="bbox 0 0 1342 4976">
    <p class='ocr_par' dir='ltr' id='par_1_6' title="bbox 0 0 1342 4976">
     <span class='ocr_line' id='line_1_48' title="bbox 0 0 1342 4976; baseline 0 2"><span class='ocrx_word' id='word_1_378' title='bbox 0 0 1342 4976; x_wconf 95' lang='lat' dir='ltr'> </span> 
     </span>
    </p>
   </div>
  </div>
 </body>
</html>
