2694 4988
482 249 642 308 occonis
679 254 715 304 rr.
1072 238 1143 312 071

73 403 180 476 plicent,
196 399 218 452 si
232 397 369 452 inficiantur
384 393 475 448 dolam
491 409 526 446 ex
545 399 664 462 quatuor
679 390 787 445 casibus
804 391 927 462 depositi.
964 394 1068 450 ceteris
1082 397 1149 450 item

74 484 100 528 et
115 476 238 533 Romano,
254 485 271 522 u
285 469 387 520 bannum
402 463 565 536 persolvant,
584 463 717 530 widrigild
736 462 870 526 tribuant,
889 470 918 514 et
938 462 1091 537 depastum
1109 484 1151 522 η.

76 544 188 599 cundum
206 542 284 606 legem
303 536 385 597 victori
405 533 560 590 emendent.

133 614 172 677 V.
191 611 222 676 si
234 609 294 692 quis
306 603 422 684 dixerit,
438 604 526 687 qnod
539 600 676 685 pervim
693 601 734 662 de
747 601 880 684 praedio
893 601 1034 667 chartam
1050 603 1151 668 alicui

76 695 193 771 feccrit,
210 713 262 776 prr
283 709 406 773 pugnam
426 687 544 747 veritas
559 685 762 759 decernatur,
778 686 944 753 edicimus.
979 681 1024 754 ll.
1036 688 1086 754 55.
1100 689 1150 753 56.

142 791 212 828 rora.
241 775 307 826 Petra
321 780 345 824 te
361 769 481 842 appellat
496 767 629 823 Martinus
665 768 740 836 qnod
756 775 788 820 tu
802 776 879 822 tener
894 771 968 822 m'alo
986 770 1080 824 ordine
1096 779 1152 824 ter·

77 865 131 900 ram
145 845 172 898 in
193 843 233 896 tali
246 844 305 894 loco.
337 841 398 910 lpea
423 847 493 894 terra
510 855 570 890 mea
587 837 696 908 propria
714 846 755 890 est
778 855 828 907 por
850 837 988 905 chartam,
1015 857 1096 911 qnam
1117 851 1151 894 tn

78 915 139 968 mihi
162 913 242 968 viecisti.
273 911 304 963 Et
325 927 389 965 eece
407 910 510 964 charta.
547 909 603 972 Ego
620 905 673 959 feci
694 906 779 976 ipsam
798 909 937 973 chartam,
965 911 1014 963 sed
1029 927 1080 983 per
1096 913 1151 964 vin-

76 995 162 1038 tntem.
189 981 345 1037 confecisti.
378 982 427 1036 Vis
448 979 473 1030 ei
490 976 626 1048 probare?
658 977 736 1030 Volo.
772 978 890 1031 Vadiate
907 995 1033 1051 pugnam.
1070 981 1150 1051 Quae

78 1052 204 1107 vadimonia
219 1050 311 1102 debent
328 1067 384 1104 esse
403 1067 465 1103 cnm
487 1045 689 1102 fideiussoribus
706 1048 794 1100 tacita
812 1065 908 1118 poena.
945 1051 1030 1103 Cuius
1053 1051 1151 1122 placiti

78 1131 213 1176 sacramenta
228 1129 287 1172 sunt
306 1120 362 1173 ita:
387 1121 409 1173 A
429 1119 548 1189 pellator
564 1121 603 1172 ita
620 1117 699 1168 iuret.
743 1120 829 1170 Ponat
848 1119 970 1172 chartam
988 1120 1067 1172 iuxta
1085 1123 1153 1174 rtis-

77 1195 129 1255 ssle,
145 1200 167 1242 et
181 1200 280 1254 tangens
297 1189 387 1242 dicat:
411 1139 470 1255 bgo
488 1189 560 1242 hanc
579 1188 701 1242 chartam
717 1204 767 1256 per
783 1190 912 1242 virtutem
930 1189 1000 1244 feci:
1019 1190 1047 1242 Si
1064 1194 1151 1246 Dens.

70 1263 202 1332 Appellatus
216 1261 264 1313 ita:
281 1257 405 1313 Chartam
424 1259 496 1311 hanc
520 1271 552 1313 tu
576 1275 626 1329 per
650 1257 779 1311 virtutem
803 1275 859 1311 non
887 1258 991 1312 fecisti:
1022 1260 1050 1312 si
1067 1263 1151 1314 Dens.

68 1333 157 1385 Interea
173 1330 253 1382 donee
267 1329 316 1399 ipsi
334 1330 514 1392 bellaverint,
541 1327 637 1383 charta
656 1329 861 1382 commendetur
878 1329 1011 1382 Prttestati
1034 1349 1066 1384 ea
1085 1345 1153 1383 cou-

68 1402 163 1464 ditione,
180 1408 207 1450 nt
226 1401 246 1450 si
264 1401 414 1470 appellator
434 1401 541 1464 vicerit,
561 1399 655 1450 charta
672 1397 819 1452 incidatur.
857 1398 886 1451 Si
904 1417 968 1454 vero
987 1401 1151 1471 appellatur,
1244 1429 1247 1436 ι

69 1470 180 1524 chartaei
195 1469 329 1534 reddatur,
349 1479 378 1523 et
392 1470 539 1527 ostendens
555 1468 676 1522 chartam
692 1468 721 1518 in
738 1467 842 1520 indicio
859 1486 909 1540 per
923 1470 1050 1535 notitiam
1073 1487 1153 1523 socn-

68 1542 157 1593 ritatem
173 1539 295 1608 accipiat,
320 1542 366 1594 rel
385 1558 434 1610 per
447 1539 650 1610 promissionem
666 1537 848 1594 refutationis.
883 1539 958 1592 Etsi
978 1540 1072 1592 charta
1090 1557 1152 1610 per·

69 1611 116 1662 dita
132 1609 193 1680 apud
208 1611 366 1662 Potestatem
386 1610 486 1672 inerit,
504 1619 597 1663 tamen
615 1616 731 1677 uterque
748 1607 886 1662 iusticiam
904 1625 981 1663 snam
999 1627 1153 1690 cousequa-

69 1690 112 1732 tnr.
143 1681 231 1731 sivero
247 1681 400 1750 appellatus
413 1679 526 1732 dixerit:
543 1681 615 1733 Ecce
629 1678 741 1740 charta,
757 1697 838 1748 qnam
855 1686 935 1748 pater
948 1689 1013 1733 tnns
1029 1679 1097 1732 milri
1113 1680 1154 1732 le·
1192 1715 1195 1722 ι

72 1751 117 1812 cii3
138 1757 160 1800 et
178 1751 318 1818 appellator
337 1751 454 1804 dixerit:
478 1751 531 1804 llln
547 1750 640 1802 charta
659 1748 730 1800 nihil
753 1749 820 1800 mihi
837 1748 971 1819 impedit,
994 1751 1058 1823 quia
1075 1759 1155 1821 pater

73 1836 133 1870 mens
147 1819 199 1871 lecit
208 1837 261 1872 eam
275 1837 324 1890 per
338 1820 487 1884 virtutem,
506 1819 637 1890 approbet
654 1818 805 1888 appellator
819 1819 873 1872 hoc
888 1821 928 1872 itu
942 1837 1008 1873 esse.
1047 1817 1075 1872 Si
1090 1835 1154 1873 vero

74 1888 189 1956 approbare
203 1907 254 1942 non
280 1890 421 1960 potnerit,
446 1899 474 1943 et
492 1890 645 1960 appellatus
662 1889 790 1942 iuraverit
806 1891 883 1941 illam
900 1889 1022 1942 ohortum
1038 1891 1156 1959 pervir-

74 1967 140 2009 tuten
153 1975 198 2010 uon
211 1976 282 2022 esse,
305 1961 353 2014 vel
368 1959 483 2030 probare
497 1962 657 2030 appellator
672 1959 783 2029 quidem
800 1959 951 2028 incipiens,
974 1970 1002 2013 et
1019 1961 1155 2012 contraria

73 2026 198 2096 probatione
214 2030 298 2083 vietus
323 2029 411 2083 fuerit
426 2031 485 2100 ipse
502 2032 673 2101 Appellator,
695 2031 746 2092 cit,
768 2037 800 2084 nt
820 2031 941 2098 superins
953 2031 1079 2082 diximus.
1115 2031 1156 2083 At

72 2097 90 2147 ri
103 2099 235 2167 Appellator
259 2100 380 2164 dixerit,
418 2100 539 2154 chartam
561 2118 619 2154 esse
639 2099 745 2160 salsam,
767 2100 812 2162 sit,
833 2107 865 2152 nt
881 2102 1008 2170 superine
1026 2099 1152 2167 diximnc.

70 2168 141 2218 Poena
160 2169 259 2239 quidem
279 2173 408 2241 utrisque
427 2172 593 2237 immineat„
617 2169 658 2239 ap
678 2169 787 2220 ellatori
809 2169 936 2240 quidem,
967 2179 999 2222 ut
1026 2171 1154 2230 emendet

69 2238 189 2290 secundnm
207 2240 401 2310 obligationem
423 2241 543 2304 chartae,
570 2249 598 2293 et
619 2187 753 2306 widrigild
776 2256 865 2307 poena
888 2240 1002 2301 serietnr
1023 2257 1076 2312 pro
1098 2258 1155 2313 ma·

67 2323 107 2357 nur
122 2309 244 2363 incisionel
287 2313 309 2364 Δ
333 2311 437 2381 pellato
465 2328 543 2374 veru,
567 2319 599 2364 nt
621 2327 677 2363 rem
698 2318 726 2365 et
746 2309 864 2381 pretinm
884 2311 997 2383 perdat,
1032 2310 1154 2364 bannum

68 2379 192 2446 persolrat,
216 2389 242 2433 et
267 2333 405 2446 widiigild
429 2380 539 2434 tribnat
692 2389 694 2396 ’

131 2449 179 2514 Vl.
216 2453 263 2512 De
286 2453 379 2512 furto
399 2462 454 2512 ant
478 2447 629 2513 scbaloho
651 2456 706 2527 r),
734 2449 761 2510 si
785 2449 870 2512 ultra
897 2451 953 2514 Vl.
980 2453 1034 2530 s),
1056 2451 1152 2520 solid.

65 2527 153 2623 inerit,
175 2533 318 2596 similiter
346 2543 382 2593 ut
407 2555 466 2616 per
487 2554 629 2619 pugnam
648 2532 765 2596 veritas
790 2533 992 2612 inveniatur,
1024 2536 1154 2618 praeci·

66 2633 156 2692 prmus.
231 2617 271 2683 11.
291 2617 345 2682 55.
364 2617 413 2696 37.

119 2713 184 2752 rora.
218 2700 296 2752 Petro
314 2709 346 2752 te
362 2699 483 2768 appellat
498 2696 643 2756 Martinus,
662 2697 737 2768 qnod
753 2696 812 2765 ipse
833 2696 935 2750 habeat
952 2706 1053 2750 certam
1068 2700 1155 2769 suspi-

68 2761 163 2830 cionem,
188 2771 260 2840 qnod
280 2780 313 2822 tu
339 2769 414 2820 luisti
441 2768 484 2818 fnr
509 2768 544 2819 de
564 2774 642 2820 tanto
664 2784 714 2817 suo
738 2767 851 2830 mobili,
878 2767 953 2836 quod
973 2769 1084 2822 valebat
1104 2771 1153 2822 sul

69 2832 359 2906 t1.et1.densrium;
387 2847 434 2891 ant
453 2837 558 2904 collega
584 2835 657 2887 suris.
707 2837 785 2888 Petne
807 2845 835 2888 te
863 2836 985 2907 appellat
1007 2837 1152 2898 Martinus.

71 2904 164 2968 qnodtn
184 2909 270 2962 tulisti
296 2907 348 2960 sibi
374 2910 408 2961 ad
430 2907 560 2960 schacum
581 2914 659 2958 tanta
688 2922 737 2956 sna
763 2904 895 2967 mobilia,
927 2924 999 2976 qnae
1024 2907 1156 2961 valebant

70 2972 106 3022 ³⁰¹·
129 2975 164 3029 tl.
185 2989 211 3033 et
231 2980 254 3036 1.
285 2978 435 3036 denarium.
471 2979 513 3029 De
531 2985 604 3028 torto
630 2992 674 3028 me
695 2975 848 3044 appellasti.
881 2974 929 3028 Vis
953 2975 978 3026 ei
1004 2977 1156 3030 adardirei

69 3041 127 3096 Volo.
154 3047 184 3100 Et
199 3057 231 3106 tn
258 3049 303 3102 vis
325 3058 353 3102 te
377 3046 548 3101 defendere?
582 3046 661 3100 Volo.
697 3045 815 3098 Vadiate
837 3061 963 3114 pugnam.
994 3047 1086 3116 'Quae
1109 3055 1158 3098 aa·

66 3109 160 3166 dimonia
172 3117 318 3184 habentur,
334 3119 354 3170 si
371 3119 542 3170 fideiussores
555 3116 641 3168 tacita
658 3133 754 3183 poena.
774 3113 859 3168 Cuius
875 3115 971 3184 placiti
988 3125 1158 3172 monomenta

65 3180 97 3234 ita
112 3192 173 3254 sunt:
198 3189 366 3259 Appellator
387 3189 428 3246 ita
451 3188 538 3244 iuret:
556 3187 598 3239 Dc
620 3185 672 3236 hoc
697 3185 771 3237 unde
794 3201 842 3250 ego
859 3193 889 3236 te
912 3186 1069 3256 appellari,
1099 3205 1157 3244 non

64 3268 144 3319 quaero
162 3265 187 3310 te
209 3269 279 3312 astu
304 3261 394 3311 animo
420 3275 469 3327 per
489 3274 607 3329 pugnam
633 3255 763 3321 fatigare,
788 3255 837 3306 sed
866 3272 909 3308 me
934 3256 1038 3309 sciente
1066 3257 1158 3317 babeo

63 3330 143 3376 certam
162 3329 354 3398 suspicionem,
378 3329 453 3399 qnod
472 3337 503 3383 tn
530 3326 618 3379 tulisti
642 3326 709 3378 milri
731 3324 830 3378 furtive
856 3333 982 3387 tantum,
1009 3327 1055 3379 vel
1080 3325 1157 3397 qnod

62 3391 120 3445 inisti
142 3399 240 3466 collega
266 3399 331 3450 soris
355 3399 493 3451 decanto.
530 3397 558 3450 Si
577 3398 658 3448 Dens.
692 3394 869 3466 Appellatus:
887 3395 998 3450 Dehoc
1019 3397 1094 3453 unde
1111 3415 1157 3452 me

61 3465 362 3592 itt⁰¹lttn⁶ttttt
373 3465 851 3592 l‘ttttr'ttt'lnttittet}
870 3467 1050 3592 ‘iiiiii
1068 3471 1159 3594 ”iil

60 3557 303 3683 eobardns'degsolo
326 3609 426 3662 schaco
450 3610 536 3662 iuret:
563 3609 604 3660 De
626 3609 679 3660 hoc
704 3607 777 3660 unde
806 3618 835 3661 te
859 3605 1006 3678 appellavi,
1034 3577 1158 3680 qirodtn

60 3670 194 3740 inissesinr,
210 3690 258 3733 aut
275 3680 378 3745 collega
394 3678 460 3731 furis
477 3679 512 3730 de
529 3685 606 3731 tanta
619 3696 679 3732 mea
693 3677 856 3741 substantia,
877 3696 948 3750 qnae
958 3680 1089 3738 valebant
1099 3681 1157 3734 xm

60 3743 98 3792 ³01.
111 3755 152 3798 aut
164 3751 236 3818 qnod
250 3761 281 3807 tu
294 3750 403 3802 tulisses
422 3749 488 3799 mihi
509 3748 543 3799 ad
558 3747 688 3800 schacum
702 3755 781 3800 tanta
798 3765 859 3798 mea
875 3747 997 3812 mobilia,
1016 3767 1090 3820 qnae
1111 3768 1160 3805 vae·

59 3810 181 3896 lebant'lb
193 3820 270 3873 solid.
291 3837 334 3870 me
357 3819 472 3880 sciente,
492 3819 606 3871 detorto
624 3827 650 3869 te
668 3834 723 3868 non
739 3817 883 3888 appellavi.
911 3819 939 3871 Si
956 3819 1037 3871 Dens.
1057 3820 1160 3890 Appel-

60 3879 119 3934 latus
135 3892 188 3939 1ta:
214 3891 256 3942 De
280 3888 333 3942 hoc
356 3889 430 3942 unde
450 3897 482 3941 tn
500 3906 543 3940 me
562 3889 723 3956 appellasti,
744 3888 820 3957 quod
844 3905 893 3954 ego
922 3887 1033 3940 inissem
1056 3889 1100 3940 fur
1122 3891 1159 3944 dc

60 3956 122 4004 tanta
145 3957 292 4013 substantia
313 3968 379 4022 tna,
411 3975 483 4028 qnae
505 3957 633 4012 valebant
661 3956 758 4008 decem
779 3958 857 4010 solid.
878 3967 927 4010 aut
949 3960 1055 4024 collega
1081 3959 1158 4022 turia,

60 4031 98 4074 aut
121 4043 167 4098 ego
191 4030 225 4082 ad
247 4029 375 4086 schacum
394 4030 518 4084 tulissem
543 4027 604 4090 tibi,
625 4027 661 4080 de
683 4035 753 4079 torto
775 4044 818 4082 me
841 4027 994 4102 appellasti.
1034 4028 1062 4082 si
1074 4031 1156 4084 Dono

66 4159 465 4186 Ἥρη-

87 4213 109 4282 r)
123 4217 167 4272 al..
179 4219 262 4274 codd.
281 4221 403 4290 Sanciae,¹
433 4219 559 4273 sebacha.
615 4263 618 4272 ,
650 4217 742 4287 s).l.ln.
762 4217 829 4274 Cod·
853 4221 918 4282 Vll,
937 4227 988 4285 sel.
1040 4195 1065 4290 ς’.

1071 4275 1110 4295 mr
1130 4266 1150 4294 ir
