2684 4990
325 375 327 382 ·
353 325 600 429 ousasrrouas
616 356 662 410 se
681 359 823 414 nomm
861 373 864 380 »
1081 347 1162 426 7⁵7·

51 507 207 571 etlneptum
225 491 317 550 lilium
329 495 363 550 da
381 514 429 550 suo
447 495 520 557 filio,
536 495 698 568 'aequaliter
713 499 871 554 succedant.
909 501 937 554 Si
954 520 1018 559 vero
1034 503 1080 561 isti
1096 525 1153 562 110„

49 573 169 634 fuerint,
190 579 218 623 et
235 567 375 640 reliquerit
391 573 512 636 patrem,
536 575 564 619 et
581 573 710 629 matrem,
734 569 785 637 ipsi
804 571 963 626 succedant.
1007 576 1035 628 Si
1061 587 1153 631 aurem

50 659 105 694 non
131 639 274 702 habuerit,
302 646 330 689 et
345 636 394 688 ille
417 636 534 688 moriens
556 636 698 706 reliquerit
720 638 846 704 fratrem,
863 643 916 708 ‘vel
935 659 1070 709 sororem,
1097 651 1154 702 rivo

50 711 255 777 sintgermani,
274 708 328 759 sive
344 701 492 776 non„ipsi
511 705 665 760 succedant.
702 707 730 759 si
747 725 810 762 vero
828 709 893 766 istos
920 714 1071 783 praedicem
1096 735 1153 770 „011

50 780 194 841 habuerit,
220 786 247 831 et
264 775 387 828 habuerit
406 779 515 827 amitam
533 793 649 828 sororem
674 775 709 827 de
734 795 783 830 suo
808 789 902 846 patre,
929 782 988 850 ipsa
1013 788 1152 842 succedat.

50 852 84 902 Et
102 851 123 902 si
141 852 220 902 istam
237 864 289 898 non
306 845 443 906 habuerit,
460 853 491 897 et
509 843 637 898 habuerit
655 863 768 900 sororem
786 849 820 902 de
838 851 887 901 s'ua
897 860 998 915 matre,
1016 853 1074 923 ipsa
1091 872 1154 908 suc.

51 921 139 973 cedat.
175 919 254 990 Quod
270 915 291 966 si
310 915 402 967 nullus
420 914 454 966 de
472 914 530 967 istis
547 915 668 985 personis
685 915 803 981 fuerint,
822 926 890 975 tunc
908 923 1076 992 quicumque
1092 943 1155 995 pro.

51 989 171 1059 pinquus
197 986 288 1046 fuerit,
317 984 455 1035 masculus
482 985 807 1054 paternageneratione,
823 980 891 1056 ¹'ipse
915 993 1053 1056 succedat,
1099 995 1154 1047 sed

52 1060 117 1110 alias
135 1057 243 1109 feminas
261 1070 317 1104 non
334 1070 463 1107 vocamus
482 1055 517 1110 ad
534 1057 763 1126 supersessionem
781 1056 815 1111 de
832 1055 943 1114 homine
961 1057 1070 1126 salico,
1102 1063 1155 1119 nisi

51 1129 132 1190 illas,
151 1143 215 1196 quas
231 1123 451 1194 supradiximus.²
874 1127 877 1149 ¹

57 1259 59 1264 ,
117 1226 289 1297 Supercessio
309 1228 378 1294 Lege
394 1228 521 1278 Romana
548 1225 576 1278 Si
595 1225 677 1279 homo
693 1227 847 1292 decesserit,
867 1229 1156 1300 etreliqueritfiiium,

50 1299 93 1352 vel
111 1298 212 1358 filiam,
233 1306 263 1353 et
280 1306 395 1366 neptum
413 1297 500 1347 filium
518 1295 553 1347 de
571 1313 620 1348 suo
637 1298 713 1361 lilio,
730 1299 776 1352 vel
793 1298 887 1362 filiae,
917 1301 1068 1371 aequaliter
1092 1322 1158 1358 suc--

49 1367 156 1420 cedant.
176 1367 307 1418 Similiter
325 1382 421 1418 omnes·
434 1364 614 1435 supersedent
635 1367 698 1429 -illi,
723 1367 823 1438 quide
840 1369 959 1422 interiori
976 1371 1050 1422 linea
1072 1390 1158 1429 vene«

47 1437 116 1498 rint,
136 1437 192 1489 sive
211 1437 265 1489 sint
282 1442 461 1505 pronepotes,
480 1435 525 1489 vel
541 1445 724 1506 pronepotes,
744 1437 788 1492 vel
804 1438 870 1490 inde
887 1438 1072 1510 incoeperint,
1098 1444 1156 1506 sive¹

47 1507 99 1556 sint
117 1507 196 1566 nati,
225 1514 372 1574 antequam
391 1520 486 1575 parens
505 1504 586 1558 fuerit
602 1515 742 1570 mortuus,
771 1508 826 1560 sive
843 1508 898 1560 sint
922 1508 1077 1579 posthumi,
1105 1513 1154 1583 qui

48 1575 224 1629 luerintnati
262 1585 303 1626 ost
320 1576 460 1629 decessum
478 1575 603 1643 parentis.
641 1576 723 1644 Quod
741 1575 763 1628 si
781 1578 852 1628 nulli
871 1579 905 1630 de
929 1580 1058 1648 superiori
1082 1583 1157 1635 linea

48 1645 167 1709 luerint,
197 1652 224 1698 et
242 1595 369 1697 iiabuerit
386 1653 508 1715 patrem,
540 1653 568 1698 et
585 1653 715 1708 matrem,
745 1655 772 1698 et
796 1647 903 1700 fratrem
928 1665 1100 1715 germanum,
1128 1662 1157 1706 et
1184 1663 1188 1667 '

48 1732 161 1766 sororem
187 1732 356 1781 germanam,
387 1731 480 1765 omnes
505 1715 656 1784 aequaliter
683 1717 870 1785 sirperc‘edant.
914 1717 949 1772 Et
975 1717 997 1770 si
1028 1719 1170 1776 habuerit·

48 1781 153 1837 tuntum
172 1793 304 1845 matrem,
323 1785 366 1838 vel
385 1793 505 1853 patrem,
522 1788 567 1839 vel
586 1786 693 1837 fratrem
712 1785 945 1851 germanenses!
963 1805 1079 1842 sororem
1097 1809 1156 1857 ger·

49 1872 169 1916 manum,
190 1863 218 1906 et
236 1854 337 1916 filiurn,
356 1855 401 1907 vel
419 1854 502 1905 filium
521 1854 555 1906 de
573 1857 626 1906 alio
643 1855 739 1919 fratre,
757 1855 802 1909 vel
820 1873 908 1910 sorore
923 1874 1063 1923 germana,
1082 1861 1156 1912 sinri-

49 1924 110 1974 liter
127 1925 280 1995 aequaliter
297 1922 454 1976 succedant.
491 1925 518 1976 Si
537 1941 599 1978 vero
617 1925 758 1993 reliquerit
775 1926 898 1988 fratrem,
918 1928 963 1981 vel
974 1945 1088 1982 sororem
1098 1947 1157 1996 ger·

50 2010 173 2054 menam,
200 2001 228 2044 et
244 1993 345 2055 frater,
372 2002 399 2045 et
417 2011 490 2057 soror
506 2011 648 2059 germana,
676 2002 704 2045 et
731 1994 829 2056 frater,
855 1996 901 2050 vel
928 2013 1001 2048 soror
1025 1999 1073 2068 qui
1096 2015 1157 2054 non

51 2071 111 2112 sunt
128 2064 267 2127 germani,
286 2063 473 2132 supercedent.
509 2063 538 2114 si
556 2074 646 2116 autem
662 2060 804 2133 reliquerit
822 2065 945 2130 fratrem,
962 2067 1008 2120 rei
1024 2085 1155 2133 sororem,

51 2132 95 2198 qui
115 2151 169 2184 non
188 2140 253 2186 sunt
270 2133 404 2199 germani,
431 2131 578 2197 etlilium,
606 2134 752 2192 velfiliam
770 2135 961 2199 dictinum,
989 2143 1038 2188 aut
1064 2139 1158 2192 dictae
1243 2179 1245 2185 .

48 2202 156 2265 sororis,
178 2207 230 2273 qui
244 2201 345 2256 fuerint
357 2200 491 2268 germani,
511 2202 592 2255 frater
607 2203 651 2258 vel
668 2221 742 2256 soror
755 2221 879 2270 germana
892 2205 1048 2259 succedant.
1073 2207 1157 2277 Quod

47 2270 67 2320 si
84 2271 231 2342 reliquerit
247 2269 354 2324 fratrem
373 2273 417 2325 vel
435 2287 551 2324 sororem
570 2290 740 2339 germanam,
760 2282 807 2325 aut
824 2274 913 2338 filios,
928 2276 977 2327 vei
995 2276 1065 2330 filias
1084 2278 1155 2331 dieti

47 2338 148 2406 fratris,
167 2345 219 2396 vel
237 2342 351 2405 sororis,
371 2341 417 2410 qui
435 2341 536 2394 fuerint
552 2343 674 2396 similiter
690 2343 828 2408 germani,
854 2344 1006 2412 aequaliter
1027 2365 1156 2418 superce-

49 2409 120 2462 dent.
156 2413 191 2465 Et
215 2413 236 2464 si
254 2412 319 2463 istos
336 2429 391 2462 non
409 2410 553 2474 habuerit,
575 2419 603 2464 et
618 2412 854 2476 habueris-avum,
873 2413 918 2467 vel
935 2414 1032 2480 ariam,
1060 2426 1089 2471 et
1105 2436 1155 2488 pa-

46 2487 111 2532 trem
130 2485 174 2536 vel
195 2492 317 2543 matrem,
336 2489 430 2550 pater,
449 2481 494 2534 vel
513 2489 597 2533 mater
612 2481 809 2552 supercedant,
828 2483 893 2552 quia
910 2483 1084 2553 proximiores
1104 2503 1157 2544 avo

45 2560 112 2602 sunt.
150 2553 236 2622 Quod
255 2553 277 2604 si
294 2553 388 2603 nullus
407 2551 441 2602 de
457 2551 577 2622 personis
596 2551 757 2622 supradictis
775 2553 872 2617 suerit,
898 2563 965 2607 tunc
983 2557 1153 2630 quicumque

43 2621 188 2688 proximior
208 2623 305 2684 fuerit,
325 2623 379 2674 sive
397 2620 552 2684 masculus,
571 2621 627 2674 sive
646 2622 763 2685 semina,
787 2622 844 2674 sive
862 2624 896 2674 de
913 2632 1026 2694 paterna
1043 2643 1154 2692 genera·-

44 2691 132 2754 tione,
152 2695 210 2745 sive
230 2692 263 2742 de
277 2701 418 2753 materna,
436 2693 495 2760 ipse
512 2691 682 2760 supercedat.
720 2691 749 2743 Si
766 2690 948 2746 vero.fuerint
962 2705 1087 2764 parentes
1108 2715 1154 2749 ae·

46 2761 119 2828 quali
138 2763 223 2830 gradu
244 2761 277 2812 de
314 2770 423 2822 aterna,
442 2767 471 2812 'et
489 2759 523 2811 de
541 2769 661 2811 materna
679 2762 870 2825 generatione,
890 2765 1042 2832 aequaliter
1058 2782 1171 2834 super-¹

47 2830 153 2883 cedant.
193 2832 221 2882 Si
240 2780 331 2882 autdlm
350 2829 431 2881 luerit
449 2831 511 2897 plus
528 2829 695 2902 propinquus
715 2830 748 2895 de
767 2837 895 2898 paterna,
915 2831 960 2884 vel
978 2835 1013 2886 de
1030 2843 1152 2887 materna

46 2899 237 2962 generatione,
256 2899 296 2961 is,
315 2899 362 2968 qui
381 2897 461 2949 fuerit
479 2899 623 2964 proximior
640 2897 741 2963 gradu,
760 2899 818 2966 ipse
836 2900 1012 2967 supercedat,
1031 2905 1095 2972 quia
1111 2905 1152 2958 sic

46 2970 186 3038 praecepit
200 2972 255 3021 Lex
274 2970 393 3019 Romana
410 2967 438 3018 in
458 2966 556 3031 Libro,
583 2967 630 3036 qui
648 2967 804 3021 nominatur
827 2969 962 3036 Novella,
987 2989 1069 3044 quem
1094 2972 1150 3040 egit

45 3039 214 3092 lastinianus
233 3041 381 3107 Imperator
396 3037 562 3106 temporibus
580 3036 642 3090 suis.
731 3095 732 3100 ¹
1125 3037 1128 3044 “

184 3176 374 3235 intentiones,
399 3172 471 3226 unde
493 3191 544 3244 per
567 3174 652 3243 Leges
673 3183 761 3242 potest
785 3173 883 3226 baberi
907 3189 1011 3245 pugna.

115 3277 201 3332 Prima
220 3285 275 3341 est,
294 3277 316 3328 si
334 3275 418 3328 alicui
436 3277 518 3328 fuerit
534 3275 643 3330 missum
662 3274 778 3338 crimen,
798 3277 872 3346 quod
889 3276 947 3347 ipse
963 3275 1152 3345 infidelisRegi

48 3343 92 3397 sit.
123 3347 267 3407 Secunda,
287 3347 308 3397 si
326 3345 407 3398 homo
428 3347 583 3399 clamaverit
600 3346 723 3399 fornicari
741 3362 758 3396 a
776 3346 909 3408 muliere,
939 3347 1055 3415 quaein
1083 3348 1152 3402 alte·

46 3417 102 3476 rius
120 3417 232 3468 mundio
252 3425 307 3478 est,
327 3425 356 3468 et
371 3416 578 3486 perseveraverit
595 3417 623 3466 in
641 3418 699 3485 ipso
716 3417 797 3468 malo.
834 3417 942 3479 Tertia,
962 3417 983 3466 ei
1001 3417 1082 3471 bomo
1101 3420 1154 3473 mi&

48 3485 113 3537 serit
132 3487 233 3538 crimen
252 3503 315 3538 suae
335 3486 534 3556 uxoris‚‘q,u0d
552 3495 694 3544 tractasset
709 3485 739 3536 in
758 3493 842 3537 morte
867 3503 922 3538 sua.
960 3486 1008 3540 lv.
1025 3489 1046 3538 si
1069 3487 1151 3541 homo

48 3554 335 3609 miserit-crimen'alii
354 3557 387 3608 de
405 3573 453 3607 sua
471 3573 566 3616 uxore,
586 3557 658 3624 quod
678 3555 837 3607 fornicasset
856 3573 916 3608 eum
936 3571 974 3608 ea.
1009 3558 1041 3611 V.
1051 3557 1073 3610 si
1091 3560 1151 3628 quis

48 3623 152 3680 miserit
170 3626 270 3678 crimen
288 3643 359 3678 suae·
370 3625 506 3689 mulieris,
527 3627 601 3696 quod
619 3625 776 3678 fornicasset
794 3643 856 3678 eum
881 3625 945 3681 alio.
978 3626 1024 3679 Vl.
1040 3627 1063 3679 si
1091 3629 1153 3699 quis

46 3691 76 3742 in
95 3695 178 3747 alium
196 3696 297 3752 miserit
315 3692 416 3748 crimen
433 3696 467 3747 de
492 3713 540 3747 sua
558 3713 657 3760 uxore,
685 3696 759 3765 quod
777 3702 959 3748 conversasset
982 3711 1043 3749 curn
1063 3734 1069 3748 .
1090 3737 1097 3752 .
1116 3737 1123 3750 .
1144 3734 1152 3750 .

47 3762 109 3815 Vll.
124 3767 150 3816 'si
168 3765 249 3817 homo
270 3763 446 3834 appellaverit
463 3765 547 3818 alium
565 3783 669 3832 argam,
698 3775 725 3818 ct
742 3767 950 3834 perseveraverit
967 3765 995 3816 in
1012 3767 1071 3836 ipso
1096 3785 1154 3818 ma-

47 3829 83 3882 lo.
116 3835 195 3890 vill.
215 3837 236 3888 si
257 3837 316 3906 quis
335 3835 511 3904 appellaverit
529 3835 634 3898 filium,
662 3836 735 3904 quod
759 3843 836 3904 pater
854 3836 910 3886 eius
934 3835 1027 3888 fuisset
1046 3835 1153 3888 debitor
1209 3871 1211 3875 -

47 3917 120 3956 suns.
158 3906 202 3957 lx.
224 3905 246 3956 si
263 3906 408 3958 surrexerit
425 3905 542 3960 intentio
559 3906 630 3957 inter
648 3905 824 3967 creditorem,
845 3914 873 3956 et
891 3905 1049 3968 debitorem,
1069 3914 1153 3976 atque

48 3969 240 4028 fideiussorem.
278 3976 311 4029 X.
330 3976 351 4026 si
370 3975 429 4045 quis
448 3975 599 4028 mallaverit
617 3974 700 4037 alium.
719 3975 753 4026 de
770 3973 915 4032 incendio.
942 3975 1022 4042 quasi
1036 3975 1094 4045 ipse
1113 3975 1153 4030 fe-

49 4039 137 4096 cisset.
175 4045 220 4096 XI.
240 4043 261 4095 si
279 4044 361 4096 homo
380 4045 532 4100 mallaverit
549 4044 741 4114 alium,'quod
757 4043 815 4112 ipse
834 4043 977 4099 occidisset
995 4063 1073 4096 suum
1091 4063 1154 4114 pro·
1193 4051 1196 4056 '

48 4111 137 4177 prium
156 4114 262 4166 llldium
277 4133 326 4183 per
340 4133 484 4168 venenum.
520 4109 581 4166 xli.
600 4115 621 4164 si
640 4113 722 4166 homo
740 4114 859 4164 noluerit
886 4113 1006 4182 recipere
1031 4116 1087 4166 rem
1107 4115 1161 4185 lin:

48 4183 192 4237 tertiatam.
227 4185 303 4236 xlll.
323 4185 344 4237 si
362 4186 416 4237 duo
435 4184 591 4238 testimonia
609 4183 644 4234 ad
661 4183 814 4256 quamlibet
837 4199 893 4234 rem
911 4184 978 4238 dant
996 4184 1149 4238 testimoni-

49 4266 114 4314 um,
134 4261 163 4306 et
180 4253 334 4306 discordant
351 4255 424 4308 inter
440 4273 476 4307 se.
513 4257 585 4309 XlV.
603 4255 644 4306 De
663 4255 758 4306 charta
776 4254 842 4304 falsa
861 4256 1015 4323 appellata,
1035 4255 1056 4306 si
1075 4256 1154 4309 volu.
1224 4314 1226 4317 ¹

52 4319 103 4374 erit
120 4322 195 4399 ipse,
215 4325 261 4395 qui
280 4326 427 4399 appellarit
445 4318 539 4383 falsam
558 4341 624 4380 eam
649 4323 717 4379 XV.
735 4324 758 4378 si
777 4324 838 4398 quis
857 4325 1035 4397 appellaverit
1053 4325 1153 4392 alium,
