2694 4988
173 261 245 334 ote
509 272 619 346 senes
647 273 944 328 sancosmmcsn

171 414 334 480 hereditas
355 433 430 476 vero
453 413 669 476 interfectoris
691 414 725 476 in
749 415 860 476 fiscum
880 412 1072 496 redigatur,
1113 415 1184 498 ipse
1205 437 1279 479 vero

171 499 342 563 ordinante
363 497 524 583 Episcopo
545 496 694 579 publicae
719 493 940 580 poenitentiae
969 495 1136 559 subdatur.
1188 499 1276 576 Quod

171 583 198 645 si
216 582 289 658 ille,
311 579 364 640 cui
386 579 509 644 crimen
531 577 724 656 immittitur,
749 599 865 663 negare
886 577 1050 655 voluerit,
1072 601 1131 660 per
1152 603 1188 642 se
1209 603 1275 666 pug-

163 652 245 724 ''iram
264 663 378 739 faciat,
407 683 468 726 nec
491 662 588 723 liceat
608 661 809 752 campionem
830 682 889 744 pre
910 680 944 722 se
965 660 1061 736 dare,
1085 663 1149 725 nisi
1171 664 1273 726 decre·

169 749 236 832 pita
257 754 342 808 aetas
363 753 418 804 aut
451 743 624 821 iuvenilis,
655 753 710 805 aut
738 741 904 805 infirmitas
932 763 1077 836 pugnare
1104 745 1272 830 prolalbne·

169 830 222 892 rit.
243 850 264 887 n
370 829 395 887 l.
422 849 466 890 ιο.
511 875 517 889 .

238 833 309 962 asian
354 911 433 962 Petro
450 830 625 980 aeiappellat
649 909 801 972 Martinus,
826 908 875 978 qui
903 915 943 960 est
966 902 1185 964 Advocatns'de
1208 923 1272 982 parte

169 979 291 1052 publica,
311 979 386 1048 quod
403 989 435 1032 tu
457 979 582 1034 occidisti
599 979 792 1049 Marquardum
808 986 889 1031 tuum
906 985 1010 1048 patrem
1026 997 1076 1049 per
1093 981 1271 1051 cupiditatem,

170 1059 217 1102 urst
234 1049 353 1102 interfici
371 1049 469 1102 fecisti.
506 1051 566 1102 Non
582 1050 675 1119 placet
693 1051 758 1101 Deo.
794 1049 842 1100 Vis
861 1048 886 1100 ei
903 1048 1049 1102 adardire?
1098 1053 1181 1104 Volo.
1229 1055 1272 1107 Va-

169 1121 243 1172 diate
260 1136 386 1190 pugnam.
422 1121 501 1191 Quae
519 1119 673 1173 vadimonia
692 1118 796 1172 debent
814 1135 872 1172 esse
891 1135 959 1184 cum,
971 1119 1178 1174 fideiussoribus
1196 1124 1271 1177 tacita

188 1206 265 1242 ocua.
290 1183 385 1242 'Cuius
399 1189 494 1258 placiti
513 1191 688 1242 Sacramenta
705 1191 745 1242 ita
768 1205 825 1242 esse
854 1188 964 1240 debent.
1011 1189 1169 1244 Advocatus
1195 1196 1272 1247 iuret:

168 1209 209 1312 lte
228 1259 281 1312 hoc
299 1259 372 1312 unde
392 1268 421 1310 te
441 1260 586 1332 appellavi,
605 1276 649 1310 me
667 1258 771 1312 sciente
789 1259 823 1309 de
840 1267 911 1312 torto
924 1266 954 1309 te
971 1277 1028 1312 non
1045 1263 1193 1336 appellavi.
1226 1269 1271 1334 Ap

167 1331 286 1400 pellatur
303 1328 357 1381 ita:
387 1330 429 1382 De
448 1330 502 1382 hoc
528 1327 600 1382 unde
619 1338 650 1381 tu
668 1347 711 1380 me
731 1328 894 1398 appellasti,
921 1328 955 1380 de
973 1337 1044 1386 torto
1062 1347 1108 1383 me
1126 1333 1268 1403 appellasti.

168 1402 204 1453 Et
220 1399 288 1452 haec
306 1401 445 1468 responsio
464 1399 547 1452 debet
565 1415 621 1450 esse
640 1409 757 1462 tantum,
776 1399 841 1450 dum
860 1397 1014 1452 Advocatus
1032 1399 1159 1456 adardiat
1175 1404 1199 1456 ei
1217 1405 1271 1456 hel·

166 1472 232 1523 lum.
270 1469 298 1520 Si
317 1487 380 1520 vero
399 1471 553 1524 Advocatus
572 1487 626 1520 non
645 1470 705 1523 vult
723 1469 749 1522 ei
767 1467 907 1528 adardire,
930 1475 999 1523 tunc
1023 1469 1182 1540 Appellatus
1201 1473 1269 1525 iure-

167 1539 282 1593 iurando
300 1539 451 1592 secundum
468 1557 544 1592 suam
561 1539 647 1604 legem
665 1557 693 1590 se
717 1537 865 1600 defendat,
891 1537 931 1590 ita
957 1548 990 1592 ut
1015 1541 1165 1596 Advocatus
1186 1553 1260 1595 antea

167 1628 222 1662 non
241 1610 319 1661 iuret.
356 1609 462 1662 Ethoc
482 1627 637 1680 peruium.
675 1608 709 1661 Et
733 1608 787 1661 hoe
812 1602 895 1661 debet
912 1625 971 1659 esse
987 1609 1016 1660 in
1034 1613 1159 1664 omnibus
1179 1615 1258 1682 appel-

165 1678 325 1734 lationibus.
362 1679 405 1730 lbi
424 1689 539 1750 utraque
558 1695 614 1730 esse
632 1688 755 1746 possunt.
779 1675 820 1730 'si
836 1695 899 1732 vero
915 1685 1022 1730 tentiam
1033 1691 1197 1734 sacramenta
1210 1699 1255 1734 esse

166 1750 279 1810 debent,
299 1756 366 1802 tunc
384 1751 543 1818 Appellatus
559 1749 631 1800 iuret
649 1748 800 1800 secundum
815 1765 891 1801 suam
910 1749 996 1813 legem
1008 1749 1113 1821 absque
1127 1771 1258 1806 sacramen·

157 1819 350 1872 'to‘advocati
387 1822 467 1872 Petra
486 1829 513 1872 te
531 1819 653 1889 appellat
674 1819 818 1882 Martinus,
839 1818 915 1888 qnod
933 1819 1063 1872 occidisti
1083 1822 1262 1892 Marculphnm

165 1901 245 1942 situm
266 1894 370 1959 patrem
389 1897 419 1942 et
437 1898 516 1942 urum
534 1907 583 1958 per
601 1889 789 1957 cupiditatem,
809 1897 858 1942 aut
875 1889 990 1942 interfici
1014 1889 1112 1944 fecisti.
1148 1895 1190 1945 De
1204 1901 1266 1948 torto

146 1978 215 2018 ,me
226 1958 378 2028 appellasti.
414 1960 461 2012 Vis
475 1960 499 2012 ei
516 1958 660 2012 adordire?
678 1959 757 2012 Volo.
794 1960 827 2012 Et
844 1967 875 2016 tu
893 1959 933 2011 vis
949 1967 980 2010 te
993 1959 1161 2013 defendere?
1195 1965 1268 2016 Volo.

163 2029 280 2090 Vadiate
300 2045 426 2098 pugnam.
465 2029 492 2082 si
511 2046 574 2081 vero
593 2027 744 2098 appellator
759 2027 783 2080 is
802 2029 921 2081 noluerit
938 2025 1075 2096 adardire,
1103 2040 1172 2084 tunc
1188 2033 1271 2096 iuret,

164 2091 196 2164 iit
214 2117 292 2169 supra
310 2097 413 2150 dictum
434 2107 482 2151 est.
518 2097 553 2150 Et
574 2100 726 2168 appellatus
752 2099 892 2160 similiter,
919 2107 951 2150 ut
974 2087 1062 2168 suprie
1118 2101 1275 2155 Sacramen-

162 2167 233 2224 iules
252 2185 314 2220 vcro
334 2169 431 2220 iurent.
468 2169 546 2229 Hoc,
573 2169 647 2238 qnod
672 2170 824 2239 appellatus
846 2167 962 2231 iuravit,
986 2183 1080 2222 veruna
1102 2171 1214 2226 iuravit.
1250 2174 1277 2225 si

160 2235 245 2292 Dens.
282 2239 372 2289 Poena
384 2253 449 2290 sero
463 2237 588 2291 imminet
606 2238 727 2308 utrisque
744 2239 815 2290 talis.
851 2238 992 2290 Advocato
1010 2240 1096 2302 victu,
1117 2250 1150 2293 at
1165 2261 1277 2296 anuum

155 2309 268 2376 perdat,
289 2317 337 2359 ant
351 2306 475 2369 redimat,
496 2316 525 2360 et
549 2310 701 2378 propinquo
718 2309 849 2360 similiter.
886 2309 1042 2378 Appellato,
1053 2319 1084 2364 ut
1104 2329 1162 2365 non
1176 2312 1279 2366 lrabeat

161 2377 341 2431 transducam
355 2377 510 2444 intersecti3
532 2397 608 2430 sunm
630 2379 739 2449 quidem
756 2379 869 2448 perdat,
888 2377 1010 2430 bannum
1032 2383 1140 2444 solvat,
1166 2401 1278 2436 manum

153 2447 283 2519 ,upittam
302 2455 349 2514 aqt
366 2447 490 2508 redimat,
510 2449 590 2511 idest,
610 2456 640 2498 ut
657 2448 790 2516 widrigild
805 2447 919 2509 tribuat,
947 2455 974 2501 et
998 2449 1144 2504 ordinante
1163 2453 1278 2524 Episco-

154 2535 202 2591 pq,
214 2517 343 2588 publicae
360 2517 546 2585 poenitentiae
572 2515 712 2570 subdetur.
766 2518 794 2568 Si
818 2536 881 2570 vero
910 2517 944 2568 lis
967 2536 1017 2586 per
1041 2533 1218 2575 sacramenta
1248 2524 1279 2574 ab

162 2578 284 2660 lituisque
304 2586 429 2648 finiatur,
456 2589 534 2638 nulls
552 2604 641 2658 poena
658 2587 696 2640 eis
714 2587 861 2639 immineat.
916 2587 944 2638 Si
961 2605 1024 2640 vero
1045 2593 1221 2654 Advocatus,
1238 2595 1282 2644 vel

160 2659 267 2776 paiens,
287 2656 443 2717 iuraverint,
465 2665 492 2708 et
513 2675 573 2708 reus
595 2675 623 2708 sc
641 2656 784 2725 purificare
807 2673 887 2708 susus
901 2673 958 2711 non
975 2658 1073 2722 fuerit,
1092 2670 1167 2714 tunc
1187 2681 1282 2733 supra-

181 2727 261 2805 ittam
280 2740 395 2796 poenam
413 2726 564 2778 substineat
581 2736 688 2796 praeter
706 2727 846 2792 widrigild.

154 2801 303 2922 'iuii'm'
347 2828 412 2908 Qui
441 2851 519 2890 vero
551 2831 636 2889 infra
662 2839 806 2910 trengam
832 2840 904 2912 post
932 2828 1041 2890 datum
1062 2839 1097 2902 o)
1124 2833 1281 2894 osculum

154 2893 256 3005 pppis,
270 2908 413 2994 aliquem
432 2911 598 2973 hominem
620 2911 829 2988 interfecerit,
844 2921 874 2971 et
888 2917 1003 2992 negare
1019 2913 1180 2992 voluerit,
1198 2936 1281 2999 pug-

160 2981 236 3090 qqu
254 2986 316 3092 pio
334 3017 366 3066 se
385 3003 423 3078 p)
446 2995 551 3074 faciat,
573 3015 634 3054 neo
653 2994 853 3074 campionem
874 3015 932 3076 pro
953 3015 986 3054 se
1010 2993 1086 3056 dare
1111 2996 1219 3060 dehet
1235 3009 1281 3076 q),

160 3060 326 3168 qp'iqssiciit
348 3076 468 3137 dictum
491 3085 539 3138 est
560 3097 664 3158 snpra.
708 3077 741 3138 Si
765 3097 843 3137 vero
871 3075 1038 3137 convictus
1060 3078 1189 3158 fuerit,
1216 3101 1282 3142 ma·

149 3183 246 3251 pqpqn,
260 3181 342 3250 quae
364 3155 575 3221 homicidium
596 3157 684 3236 fecit,
707 3157 837 3219 amittat.
859 3165 901 3234 r).
983 3161 1009 3224 Ι,
1030 3179 1060 3240 9.
1082 3159 1134 3224 58.

50 3273 56 3285 ¹
148 3280 185 3334 ln,
211 3291 308 3336 arow-
336 3277 419 3338 :Pelso
436 3285 473 3334 ,te
499 3273 619 3344 appellat
640 3272 790 3335 Martinus,
820 3274 894 3346 quod
918 3283 949 3328 tn
977 3273 1105 3328 occidisti
1127 3277 1281 3331 Donatum

149 3355 353 3418 sqpqqpqtrem
368 3346 440 3401 infra
457 3353 575 3408 tretvam,
595 3344 639 3396 vel
657 3343 725 3394 infra
744 3343 837 3395 datum
864 3334 986 3397 osculum
1006 3343 1087 3414 pacis.
1134 3348 1186 3400 De
1207 3359 1283 3402 torto

149 3407 199 3470 fe
219 3412 369 3496 appellasti.
406 3415 453 3468 Vis
473 3412 497 3466 ci
516 3411 657 3466 adardire?
680 3415 757 3465 Volo.
792 3413 828 3465 Et
846 3423 876 3466 tn
895 3414 980 3467 siste
999 3405 1177 3468 defendere?
1195 3420 1280 3471 Volo.

147 3434 272 3551 *iastius
289 3500 415 3554 pugnam.
453 3483 537 3536 Cuius
555 3483 650 3553 placiti
675 3491 842 3535 sacramenta
858 3484 897 3536 ita
923 3493 993 3536 sunt.
1038 3486 1215 3556 Appellator
1237 3491 1282 3538 in·

148 3547 279 3606 tetros
294 3553 367 3615 lioc,
392 3556 469 3606 unde
487 3563 517 3605 te
536 3554 680 3622 appellavi,
700 3554 774 3622 quod
790 3564 821 3605 tu
838 3553 961 3606 occidisti
979 3563 1084 3623 patrem
1103 3573 1207 3609 meum
1223 3559 1282 3610 Do-

47 3625 51 3635 '
154 3627 247 3674 netum
263 3624 477 3687 ratramnum,
506 3625 551 3676 vel
568 3624 637 3677 infra
655 3624 748 3679 dutum
767 3625 891 3674 osculnm
913 3626 1005 3692 pacis,
1031 3641 1075 3674 me
1099 3625 1218 3680 sciente
1244 3630 1279 3680 de

155 3702 226 3747 tram
248 3703 279 3747 te
297 3711 354 3749 nou
370 3694 521 3765 appellavi:
544 3694 573 3746 Si
593 3696 673 3744 Dens.
710 3694 869 3764 Appellatus
890 3693 945 3744 ita:
971 3695 1012 3745 De
1033 3693 1106 3756 hoc,
1135 3697 1221 3751 unde
1248 3708 1278 3748 tu

154 3759 380 3836 mefappellpstl,
393 3763 482 3836 ,quod
499 3781 547 3830 ego
566 3763 725 3816 occidissem
745 3773 848 3834 patrem
872 3770 952 3816 tuum
973 3763 1043 3816 infra
1068 3771 1212 3832 trenam,
1244 3767 1278 3818 de

186 4024 275 4095 p)1ll.
308 4009 517 4094 lloddstrevam
531 4021 690 4077 veldamm.
807 4019 934 4090 phionem
958 4037 1010 4090 pro
1030 4040 1058 4076 se
1082 4021 1167 4078 dure.
1220 4027 1274 4078 att

205 4097 276 4197 >qq
293 4105 371 4178 cbdd
418 4122 491 4180 me
564 4105 566 4110 ·
592 4117 595 4124 ⁴
810 4107 860 4142 nec
874 4094 1040 4161 campionem
1056 4109 1109 4162 pro
1127 4113 1161 4148 se
1184 4096 1275 4148 dabit.

186 4147 204 4197 Ρ
235 4168 241 4179 ·
374 4147 429 4227 ⁸5²,
567 4215 570 4225 ‚
757 4161 783 4230 r)
808 4159 920 4213 llerold.
942 4161 1022 4214 istam
1052 4163 1141 4230 legem
1171 4165 1276 4219 tribuit

186 4230 215 4296 q)
235 4230 285 4281 Un.
306 4205 373 4282 Cod.
401 4246 449 4280 nec
467 4226 551 4283 liceat
567 4218 596 4282 ‘ci
621 4247 693 4282 cam·
809 4231 925 4284 Hearicc
944 4233 980 4282 ll.
