2694 4988
522 311 699 368 suroouls
1096 297 1170 372 665

92 479 152 516 cum
177 455 278 516 venerit
295 454 408 514 teminus
425 453 480 506 dic:
506 455 611 518 Domus
631 453 743 519 Comes;
764 451 816 504 boc
835 451 904 504 dicit
921 453 1031 518 Petrus,
1051 455 1126 528 quod
1143 457 1173 513 iu

91 531 140 584 tali
159 530 202 582 die
219 527 350 598 appellavit
367 541 425 576 eum
441 524 589 588 Martinus,
619 523 693 592 quod
710 523 768 592 ipse
786 521 900 574 tenebat
917 519 969 573 sibi
988 527 1059 580 malo
1079 525 1173 596 opdiue

92 599 270 654 Marcoardum
288 613 361 648 *suum
383 611 492 646 servum.
539 595 574 646 Et
596 593 655 662 ipse
672 593 758 654 dixit,
786 592 860 662 quud
886 610 950 644 suus
975 597 1097 674 proprius
1116 604 1174 648 erat

93 689 141 741 per
158 669 283 728 chartam,
300 681 370 736 quatu
387 657 437 714 sibi
454 663 538 727 fecit,
566 671 595 716 et
611 663 669 733 ipse
689 663 837 732 appellavit
856 679 915 714 eum
933 662 1049 729 falsam,
1070 677 1097 722 et
1114 667 1174 736 ipse

95 739 168 793 dedit
189 737 284 791 vadium
308 735 338 786 de
359 733 447 785 facere
464 751 555 786 veram
573 733 724 786 secuudum
742 731 901 802 Capitulum
920 733 1051 787 Widuuis.
1084 735 1172 790 alodo

44 831 45 838 ¹
94 819 136 864 cst
157 815 252 880 perotus
274 803 304 854 sd
322 803 509 873 impleudum,
535 803 608 856 sicut
635 803 712 856 dedit
735 803 853 856 vadium.
890 801 965 856 Dicis
981 814 1012 858 tu
1031 805 1102 862 itst,
1126 805 1173 858 Sic

94 879 161 931 dico.
199 877 266 928 litto
281 873 331 926 reci
349 872 394 924 isti
410 873 449 924 ita
467 872 599 925 vadium?
644 872 771 936 Sicfeci.
808 873 888 924 Tunc
907 873 1173 932 liantfsctasacra·

93 947 229 1000 mentaita.
259 891 413 1012 Appeiiator
429 943 516 995 iuret:
542 943 583 994 De
601 942 664 1007 hoc,
693 942 765 994 unde
786 939 905 994 chartam
923 943 995 997 hanc
1012 943 1107 1000 falsam
1125 963 1173 1015 ap-

94 1015 206 1088 pellarit,
228 1030 267 1065 rue
281 1013 384 1064 sciente
402 1011 471 1069 nihil
491 1011 588 1076 aliud,
611 1013 663 1065 uisi
680 1013 859 1073 verissimam,
879 1021 908 1064 et
924 1013 1021 1068 iustum
1041 1014 1174 1068 rationem

95 1087 190 1156 exquiro
215 1083 240 1132 in
262 1082 385 1135 omnibus
409 1081 504 1133 modis.
548 1081 576 1133 Si
601 1083 676 1134 Deus
709 1091 761 1135 etc.
797 1082 973 1149 Appellatus:
1000 1079 1074 1138 Hisce
1099 1096 1174 1139 cartu

91 1173 143 1210 vera
163 1163 186 1206 et
201 1153 291 1205 idonea
301 1162 357 1204 ‘est
395 1153 423 1204 Si
447 1155 523 1204 Deus
541 1161 593 1204 ctu.
631 1152 861 1206 Sacramentaless
888 1151 970 1219 Quod
988 1153 1046 1223 ipse
1064 1155 1173 1219 iuravit,

88 1241 164 1278 rerum
186 1221 284 1276 iuravit.
328 1223 358 1274 si
377 1222 451 1275 Deus
478 1232 531 1286 etc.
577 1222 719 1276 Notarius:
750 1223 827 1276 llaec
857 1230 930 1274 carta
948 1241 1012 1288 vera
1030 1232 1059 1276 et
1075 1224 1175 1280 idonea

84 1303 124 1346 est
142 1293 167 1345 si
183 1293 249 1344 Deus
267 1298 317 1344 etc.
345 1292 579 1347 Sacramentales:
598 1292 681 1361 Quod
698 1294 756 1361 ipse
771 1290 881 1348 iuravit.
901 1309 994 1344 verum
1009 1295 1117 1351 iuravit.
1146 1294 1175 1347 Si

79 1365 142 1415 Deus
160 1369 207 1432 etc.
226 1362 309 1414 Testis
328 1379 408 1413 unus.
432 1363 506 1414 Haec
526 1369 600 1414 corta
617 1380 680 1414 vera
698 1371 727 1416 et
741 1363 840 1414 idonea
856 1368 902 1412 est.
923 1362 951 1412 Si
963 1364 1036 1415 Deus
1052 1373 1103 1418 etc.
1122 1365 1176 1420 Ce-

79 1433 136 1486 teri:
153 1431 226 1501 Quod
243 1431 437 1500 ipseiuravit,
455 1450 550 1485 verum
567 1431 675 1485 iuravit.
712 1433 740 1484 Si
760 1433 842 1484 Deus.
878 1429 908 1481 Si
925 1431 1026 1486 dixerit
1038 1433 1176 1498 Notarius,

79 1502 144 1572 quud
166 1519 217 1553 uon
234 1501 339 1571 stripsit
363 1502 448 1571 ipsam
473 1501 605 1564 chartam,
637 1510 685 1554 aut
710 1503 787 1557 testis
811 1500 929 1562 dixerit,
957 1504 1032 1572 quud
1050 1521 1105 1558 nou
1124 1503 1177 1556 fuit

78 1572 157 1632 testis,
182 1571 275 1640 probat
299 1581 424 1624 ostensor
441 1589 500 1624 eam
520 1571 660 1624 Notarium
678 1572 829 1642 scripsisse,
857 1580 885 1622 et
904 1587 948 1622 eos
974 1573 1057 1632 fuisse
1082 1583 1173 1626 testas.

81 1644 106 1694 Si
120 1659 174 1696 reto
189 1642 296 1710 probare
314 1659 371 1696 nun
389 1642 520 1712 potuerit,
538 1641 610 1692 iuret
628 1659 689 1695 cum
707 1643 762 1694 suis
779 1641 1028 1713 sacramentalibus,
1049 1650 1076 1698 et
1090 1660 1176 1714 quae·

80 1719 145 1764 ratur
160 1713 224 1764 alter
235 1713 374 1776 Notarius,
394 1721 423 1764 et
442 1712 511 1762 alius
531 1711 617 1765 testis.
652 1713 688 1764 At
704 1712 726 1763 si
744 1729 773 1763 ae
791 1709 954 1766 subtraxerit
972 1712 1109 1773 Notarius,
1128 1714 1174 1778 sit,

84 1780 249 1848 utlegitnrin
267 1783 351 1848 lege,
386 1793 414 1836 et
431 1781 465 1832 sit
484 1779 628 1844 similiter,
655 1782 677 1832 si
694 1799 723 1834 se
742 1779 906 1832 subtraxerit
924 1792 1054 1834 ostensor.
1096 1782 1173 1835 Etsi

85 1851 165 1904 direrit
180 1852 241 1920 ipse,
259 1851 307 1921 qui
330 1851 480 1923 appellavit
497 1851 593 1902 falsam
611 1851 745 1904 chartam:
771 1850 848 1902 Alius
867 1851 974 1923 scripsit
990 1851 1076 1920 ipsam
1095 1851 1173 1904 char·

85 1928 142 1984 tam,
164 1921 289 1973 autalius
308 1922 365 1974 fuit
382 1923 475 1982 testis,
501 1920 607 1990 probet.
645 1924 735 1973 Poena
757 1939 821 1973 veru
838 1920 962 1978 huminet
974 1921 1120 1984 falsaturi,
1149 1923 1172 1975 si

84 1989 125 2042 sibi
145 1991 299 2048 satisfactum
331 1992 428 2055 fuerit,
464 2000 491 2043 et
513 2009 571 2043 rem
595 1989 712 2054 refutet,
745 2001 775 2043 'et
798 1991 949 2042 secundum
977 1990 1171 2057 ohligttluuein

84 2059 170 2112 chartae
186 2062 328 2127 emendet,
348 2065 370 2114 si
386 2063 445 2132 ipse
462 2061 539 2124 fecit,
557 2062 602 2114 vel
619 2061 641 2112 si
661 2069 701 2114 est
721 2061 778 2112 eius
797 2060 925 2120 heredes,
941 2061 993 2130 iqui
1011 2079 1071 2114 eam
1091 2061 1168 2124 fecit,

82 2131 117 2182 vel
131 2131 248 2184 honorum
265 2149 410 2201 possessor.
433 2131 581 2194 ostensuri,
601 2131 622 2182 si
641 2139 756 2202 uterque
774 2131 860 2182 idest
878 2127 1014 2193 Notarius,
1035 2140 1062 2184 ot
1080 2141 1187 2184 osten-.

78 2217 114 2250 sor
130 2218 154 2252 se
176 2201 356 2267 subtraxerit,
384 2201 489 2253 Notarii
505 2219 587 2252 manu
607 2201 733 2262 abscissa,
752 2200 867 2258 testibus
885 2201 1018 2267 widrigild
1036 2203 1170 2264 multatis,

76 2267 123 2338 ipse
145 2280 256 2323 ostensor
280 2289 341 2324 rem
368 2273 490 2332 amittat,
516 2271 648 2335 widrigild
674 2269 776 2323 tribuat
829 2271 863 2322 Et
890 2270 910 2321 si
932 2281 971 2324 est
989 2281 1095 2337 rogatur
1120 2271 1171 2322 fal·

75 2356 113 2389 sse
128 2339 226 2393 chartae
242 2344 340 2404 testis,
360 2341 494 2407 widrigild
510 2340 632 2402 tribuat,
652 2341 828 2412 bantiumque
847 2342 1002 2409 persolvat,
1022 2343 1043 2393 si
1064 2342 1104 2394 est
1123 2357 1172 2412 up·

76 2410 182 2478 pellatus.
224 2412 252 2462 Si
268 2428 340 2466 'sero
359 2412 490 2466 alteruter
505 2413 550 2464 vel
568 2412 709 2472 Notarius,
735 2412 779 2464 vel
808 2418 974 2465 ostensor'se
992 2412 1168 2472 subtraxerit,

77 2477 398 2550 concupientis-Iudicis
414 2482 557 2544 videatur,
584 2482 643 2550 quis
662 2498 752 2532 eurum
771 2482 806 2532 sit
823 2481 936 2543 melior,
966 2493 1108 2544 etvetus,
1139 2490 1171 2534 ut

76 2548 123 2600 eius
145 2552 278 2604 sententia
302 2553 469 2621 praecellat,
498 2561 528 2604 et
552 2553 638 2602 mulus
664 2561 691 2604 et
708 2552 825 2602 mendas
844 2553 1006 2604 constrictus
1023 2561 1169 2623 potestate,

76 2627 101 2672 et
113 2619 168 2672 boni
185 2624 323 2674 sententia
343 2623 502 2682 convictus,
529 2629 576 2672 aut
593 2621 622 2673 in
641 2623 805 2681 sententium,
821 2624 877 2674 veri
895 2624 998 2686 vadat,
1029 2634 1078 2677 aut
1095 2622 1170 2676 bonu

76 2690 205 2755 evadente,
230 2692 281 2746 vel
306 2709 379 2754 non,
410 2692 484 2762 quod
501 2691 602 2742 iustum
619 2691 741 2750 videtur,
773 2691 860 2742 malus
880 2703 908 2744 et
926 2693 1045 2745 mendax
1063 2702 1170 2746 suomet

77 2759 148 2823 gladio
163 2759 283 2814 feriatur.
322 2761 452 2820 Similiter
469 2761 503 2812 de
520 2761 633 2812 testibus
652 2759 848 2830 providendum
866 2772 914 2814 est.
959 2763 1000 2814 De
1019 2763 1168 2824 Collatura,
1198 2805 1200 2808 .

80 2829 177 2883 siluerit
195 2831 362 2895 altercatio,
381 2832 453 2884 iuret
471 2829 587 2883 collator
604 2848 653 2900 per
669 2847 755 2881 usum.
949 2843 951 2847 '
1098 2839 1099 2844 ’

143 2901 210 2962 Vll.
258 2903 417 2962 Volumus
438 2909 601 2984 praeterea
623 2910 718 2980 atque
740 2897 909 2972 sancimus,
933 2908 968 2957 ut
989 2899 1015 2960 si
1037 2900 1109 2981 quis
1132 2899 1169 2959 li·
1237 2891 1240 2897 ’

80 2979 124 3042 ber
138 2983 227 3052 homo
252 2993 284 3055 e)
305 2983 466 3066 legitimae
489 2983 582 3042 uxori
605 3003 699 3058 suae,
721 2982 798 3041 dum
820 2981 1001 3058 advixerit,
1022 3003 1074 3042 res
1097 3003 1168 3042 suas

78 3069 298 3150 perscriptum
326 3067 366 3126 ud
396 3067 626 3128 usumfructum
657 3065 801 3140 dederit,
839 3072 871 3123 et
900 3062 983 3123 filios
1015 3063 1096 3124 duos
1116 3065 1168 3124 vel

75 3147 164 3226 plures
182 3148 352 3227 habuerit,
384 3157 417 3208 et
439 3170 521 3209 unus
543 3169 581 3207 ex
604 3147 700 3230 ipsis,
731 3147 784 3206 vel
806 3145 869 3206 duo
892 3144 1010 3204 mortui
1032 3147 1168 3222 fuerint,

72 3235 99 3286 et
122 3231 194 3294 flius
224 3242 260 3292 et
290 3231 370 3293 filias
385 3227 425 3310 j]
446 3229 636 3310 reliquerit,
673 3228 852 3309 aequaliter
880 3228 961 3310 ipsas
986 3248 1056 3305 res,
1089 3249 1168 3309 quas

69 3314 294 3376 usufructuario
322 3315 418 3374 modo
439 3312 601 3395 praedicta
622 3331 704 3372 uxor
734 3310 898 3387 habuerit,
934 3310 991 3369 filii
1021 3311 1168 3371 defuncti

68 3415 128 3454 cum
147 3396 281 3480 patruis,
299 3396 381 3458 sicut
403 3405 539 3457 ceteram
560 3395 783 3472 hereditatem,
798 3393 842 3454 ita
864 3394 1099 3455 usumfructum
1121 3393 1167 3456 di·

67 3477 173 3539 vidant.
263 3480 376 3555 lhud.
398 3479 447 3540 28.
686 3479 692 3482 ’
740 3497 744 3504 ’
865 3521 868 3525 -

136 3563 227 3624 VIII.
270 3561 497 3631 Concedimus,
522 3568 558 3620 ut
579 3559 662 3620 sicut
683 3558 833 3623 mulieres
852 3567 888 3636 g)
910 3580 983 3620 cum
1007 3557 1083 3620 viris
1101 3555 1167 3618 suis

67 3661 110 3702 res
129 3667 198 3704 suas
219 3644 357 3718 donare,
381 3651 435 3702 aut
457 3643 654 3702 venumdare
674 3653 830 3724 possunt,
849 3645 896 3702 ita
919 3651 951 3703 et
972 3651 1167 3705 commutare
1252 3688 1256 3696 ,

67 3723 204 3803 valeant,
237 3725 447 3785 ac'familiam
469 3745 558 3784 suam
580 3725 713 3785 liberam
735 3727 853 3788 facere.
936 3726 977 3786 ll.
1004 3747 1049 3786 ιο.
1071 3727 1100 3798 d.

138 3807 194 3870 IX.
236 3808 271 3869 si
303 3809 375 3888 quis
404 3807 571 3868 lodicibus
604 3808 719 3869 nostris
749 3808 781 3866 in
806 3808 928 3868 iudicio
950 3805 1165 3868 residentibus

66 3889 157 3953 minus
187 3900 242 3951 aut
263 3889 411 3952 convicia
441 3890 607 3968 intulerit,
644 3899 762 3972 eosque
784 3890 888 3951 verbis
909 3899 964 3950 aut
985 3888 1076 3950 factis
1098 3897 1164 3948 tur-

95 4061 118 4131 a)
134 4063 181 4112 Un.
201 4060 267 4113 cod.
287 4061 419 4130 quislibet
431 4060 593 4139 Lapgobam
656 4060 685 4130 g)
705 4059 823 4112 Uncod.
843 4059 1022 4113 concedimus
1037 4063 1120 4114 etium
1134 4075 1163 4113 ut

141 4129 190 4181 dus
207 4131 295 4183 tomo.
709 4133 780 4184 sicut
796 4129 998 4200 Langobardos
1025 4133 1161 4189 mulieres.

85 4197 268 4346 sifilllpucod.
287 4200 370 4276 filios
389 4201 524 4306 legitimos
552 4200 594 4254 vel
