2684 4990
349 785 985 894 enacuaanr
1120 805 1123 813 ·

128 1015 131 1022 '
198 995 522 1082 EPISCOPI
581 992 1136 1085 WORMATIENSIS
1197 1061 1198 1065 a

234 1177 374 1278 naeus
393 1177 450 1240 er
471 1173 676 1239 statura·
698 1175 903 1240 nanterre
924 1176 957 1244 a.
976 1178 1105 1244 Perna
1126 1167 1128 1171 ’

130 1273 134 1282 ’
176 1303 179 1306 ’
334 1324 441 1378 araca
458 1324 587 1379 aaran
603 1323 730 1380 raxxtv.
748 1323 996 1383 assuescamus.

538 1497 797 1514 §mn—nn.-

112 1647 153 1730 ln
171 1677 280 1729 nomine
299 1674 419 1730 Sanctae
438 1685 467 1729 et
484 1674 647 1730 Indiuiduae
665 1676 815 1730 Trinitatis.

186 1771 241 1836 ego
259 1774 435 1826 Bnrcarrnus
452 1771 657 1825 Wurmatiensia
673 1770 815 1825 Ecclesiae
839 1770 1008 1855 Episcopps,
1033 1777 1143 1842 propter
1160 1771 1225 1826 sair

115 1846 182 1896 duas
212 1843 432 1916 Lamentationes
455 1843 630 1902 miserorum,
664 1850 693 1893 et
723 1840 829 1894 crebras
860 1843 977 1894 lusidras
1002 1843 1151 1894 multorum
1176 1843 1226 1913 qai

114 1916 189 1966 more
207 1914 306 1968 canino
324 1913 466 1966 Familiam
484 1911 572 1964 sancti
590 1911 661 1965 Petri
679 1911 878 1976 dilacerabant,
894 1912 1011 1965 diversm
1028 1912 1100 1977 leges
1121 1911 1158 1964 eis
1174 1911 1226 1964 irn-

114 1987 264 2053 ponentes,
284 1993 313 2036 et
329 1982 487 2036 infirmiores
508 1998 632 2052 quosque
651 1980 705 2032 suis
721 1981 831 2038 iudiciis
856 1983 1054 2053 opprimentes,
1074 1997 1135 2034 cum
1153 1981 1226 2034 Con·

116 2055 179 2105 silio
197 2053 286 2117 Cleri,
307 2061 335 2105 ct
351 2049 490 2117 Militum,
510 2061 539 2106 et
555 2055 639 2105 totius
657 2051 807 2116 Familiae,
825 2049 874 2106 has
892 2053 957 2105 iussi
975 2049 1094 2105 scribere
1119 2051 1225 2116 Leges,

113 2141 151 2176 ne
170 2124 268 2192 aliquis
295 2123 449 2176 Advocatus
473 2133 521 2176 aut
544 2121 747 2184 vicedominus,
774 2129 822 2173 aut
845 2122 1048 2185 Ministerialis,
1073 2119 1130 2174 sive
1155 2120 1227 2172 inter

115 2211 162 2246 eos
180 2195 233 2245 alin
253 2194 345 2263 aliqua
359 2194 465 2262 loquax
482 2210 606 2264 persona,
626 2191 797 2260 supradictae
808 2192 940 2244 Familiae
957 2193 1021 2246 novi
1040 2190 1145 2261 aliquid
1162 2188 1227 2244 sub-

114 2264 212 2315 inferre
229 2271 337 2331 posset,
365 2264 413 2315 sed
431 2281 486 2316 una
504 2264 653 2333 eademque
675 2262 732 2313 Lex
750 2261 849 2327 diviti,
874 2272 901 2315 et
917 2261 1031 2335 pauperi
1049 2271 1112 2314 ante
1131 2259 1226 2314 oculos

114 2343 294 2405 praenotata,
312 2332 438 2386 omnibus
456 2341 526 2386 esset
544 2347 701 2386 communis.

187 2436 207 2485 1.
245 2433 273 2486 Si
293 2434 353 2504 quis
373 2451 407 2486 ea
424 2434 539 2487 Familia
557 2432 651 2486 Sancti
669 2432 744 2489 Petri
763 2431 798 2486 ad
815 2431 922 2486 Sociam
939 2449 1015 2485 suam
1040 2432 1162 2520 legitime
1174 2449 1226 2502 ¹ve-

114 2503 207 2565 nerit,
225 2504 360 2574 quicquid
376 2500 405 2556 iis
425 2505 516 2558 dotem
534 2503 658 2565 dederit,
687 2513 716 2556 et
732 2503 786 2556 hoc
805 2503 863 2574 ipsa
892 2521 992 2557 annum
1017 2511 1046 2556 et
1073 2503 1146 2558 diem
1170 2519 1227 2559 uon

112 2575 312 2644 proclamatum
330 2575 466 2644 possidet,
486 2574 508 2626 si
525 2577 567 2627 vir
584 2573 658 2644 prior
682 2575 811 2637 moritur,
838 2591 908 2626 uxor
933 2575 990 2626 eius
1015 2581 1102 2627 totam
1125 2572 1227 2626 habeat

113 2643 205 2696 dotem
222 2661 309 2714 usque
328 2645 460 2697 adfinem
478 2644 550 2699 vitae
578 2661 658 2695 snae:
684 2643 706 2694 si
734 2653 825 2695 autem
849 2644 908 2717 ipsa
930 2644 1042 2696 rnoritur
1068 2645 1126 2696 sine
1151 2641 1226 2705 filiis,

109 2714 226 2784 proximi
244 2713 373 2766 haeredes
402 2714 491 2767 mariti
518 2714 560 2766 sui
586 2713 678 2766 dotem
702 2713 855 2783 recipient3
882 2713 1012 2766 Similiter
1038 2713 1087 2766 fiat
1109 2713 1131 2765 si
1158 2731 1228 2766 uxor

109 2785 183 2853 prior
200 2784 347 2849 moriatur3
368 2792 396 2836 et
414 2784 548 2854 quiequid
566 2783 647 2834 simul
665 2783 864 2853 acquisierant,
884 2783 980 2853 siquis
1000 2799 1091 2835 corum
1111 2785 1228 2835 alterum

110 2851 305 2922 supervixerit,
324 2859 412 2904 totum
430 2854 534 2906 habeat
549 2853 579 2902 in
597 2871 646 2904 sua
662 2861 819 2921 potestate,
838 2861 866 2904 et
884 2851 1018 2921 quicquid
1045 2851 1112 2904 inde
1137 2850 1228 2905 lacere

111 2923 181 2976 velit
199 2922 293 2986 laciat3
314 2922 396 2991 Quod
414 2932 505 2974 autem
523 2921 622 2973 mulier
639 2939 733 2974 secum
750 2921 785 2972 ad
803 2922 932 2973 Maritum
951 2920 1099 2984 attulerat,
1132 2921 1225 2974 ambo-

110 2991 164 3044 bus
181 2992 310 3054 mortuis,
329 2992 351 3042 si
371 2991 439 3043 filios
457 2991 604 3044 habuerint
621 2991 673 3060 ipsi
690 2991 781 3043 matris
799 2989 996 3043 haereditatem
1008 2991 1183 3060 possideant,
1203 2993 1230 3042 si

111 3073 205 3114 autem
224 3062 293 3113 filios
310 3080 366 3114 non
385 3061 533 3114 habuerint
551 3061 602 3114 nisi
618 3060 677 3130 ipsa
694 3060 843 3114 traditione
867 3059 1074 3132 praepediatur,
1100 3069 1162 3132 post
1186 3061 1229 3114 vi-

110 3141 169 3184 tam
188 3133 245 3184 eius
263 3141 353 3184 totum
372 3132 407 3182 ad
424 3134 558 3202 proximos
575 3131 694 3184 mulieris
713 3131 824 3196 redeatt
851 3131 918 3183 etsi
937 3130 1007 3182 filios
1024 3131 1102 3183 simul
1123 3148 1227 3200 genuc-

111 3203 181 3265 rint,
201 3212 229 3254 et
246 3211 331 3260 mater
347 3201 419 3271 prior
436 3201 552 3262 obierit,
571 3202 592 3253 si
611 3201 677 3271 qnid
694 3200 870 3253 haereditatis
890 3219 923 3254 ex
942 3209 1027 3254 matre
1052 3201 1117 3254 liliis
1144 3201 1226 3272 desp-

111 3281 204 3334 uerat,
224 3281 252 3325 et
268 3272 319 3343 ipsi
340 3271 475 3334 obierint,
494 3272 646 3325 haereditas
664 3271 699 3323 ad
715 3271 850 3342 prosimos
868 3271 964 3323 matria
978 3272 1081 3328 redeat.

110 3387 112 3392 ·
182 3373 217 3425 ll.
254 3373 311 3426 Lex
330 3373 380 3425 erit
397 3373 545 3439 Familiae;
567 3373 595 3425 Si
614 3373 675 3443 quis
692 3371 850 3442 praedium,
867 3373 913 3424 vel
930 3373 1066 3443 mancipia
1083 3372 1113 3425 in
1130 3371 1226 3426 harre

111 3444 225 3496 ditatam
246 3443 399 3513 acceperit,
420 3451 448 3495 et
464 3443 493 3494 in
510 3451 697 3512 paupertatem
713 3443 842 3496 inciderit
869 3451 898 3495 et
923 3459 956 3494 ex
983 3442 1036 3496 hac
1061 3442 1226 3496 necessitate

109 3513 306 3572 haereditatem
323 3513 441 3567 vendere
457 3514 590 3580 voluerit,
609 3514 681 3582 prius
699 3513 828 3583 proximis
845 3510 1009 3565 haeredibus
1028 3529 1089 3569 oum
1103 3515 1226 3572 testimo-2

109 3584 157 3636 nio
174 3591 307 3655 proponat
324 3583 359 3634 ad
377 3583 539 3636 emendum:
556 3585 578 3635 si
597 3593 687 3637 autem
708 3600 795 3636 emere
811 3582 968 3645 noluerint,
992 3584 1159 3636 vendat'cui
1177 3600 1228 3638 vo,

109 3653 200 3706 luerit.
236 3655 264 3706 Si
285 3661 376 3706 autem
394 3652 493 3722 aliquis
510 3671 618 3706 mansus
634 3653 663 3706 in
681 3671 791 3708 manum
810 3653 946 3724 Episcopi,
964 3653 1069 3706 iudicio
1087 3653 1224 3718 Indicum,

109 3728 274 3794 pervenerit,
296 3735 324 3777 et
342 3724 363 3775 si
382 3723 528 3776 haeredum
548 3724 646 3794 aliquis
665 3741 846 3795 supersessum
864 3723 906 3776 ius
926 3725 1070 3777 emendare
1094 3725 1223 3786 voluerit,

48 3837 52 3846 .
110 3795 191 3847 detur
208 3795 259 3845 sibi
277 3803 395 3864 potestas
414 3803 445 3846 ut
464 3793 513 3846 tali
532 3795 688 3847 conditione
711 3794 907 3846 haereditatem
928 3793 1063 3862 accipiat:
1092 3794 1113 3844 si
1133 3801 1225 3845 autem

109 3865 202 3917 nullus
218 3863 366 3916 haeredum
380 3863 535 3917 satisfacere
550 3865 682 3927 voluerit,
701 3865 777 3920 illias
800 3864 864 3919 Loci
883 3865 1023 3925 minister,
1058 3864 1227 3933 cuicumque

110 3951 145 3987 ex
171 3934 284 3985 Familia
307 3951 429 3986 mansum
461 3934 540 3987 illurn
563 3935 685 3996 dederit,
710 3936 757 3988 laic
780 3943 874 4004 postea
894 3935 988 3985 haeres
1011 3935 1101 3990 firmus
1126 3933 1181 3998 sit,
1202 3934 1225 3985 ai

110 4013 202 4056 autem
218 4004 316 4074 aliquis
331 4006 437 4057 venerit
456 4013 517 4074 post
539 4005 605 4056 duos
628 4023 731 4067 annos,
758 4013 806 4056 aut
825 4012 887 4072 post
902 4014 971 4067 tres,
998 4012 1046 4054 aut
1065 4003 1175 4072 plures,
1196 4012 1225 4056 et

109 4076 198 4128 dicat:
217 4073 271 4139 Ego
286 4094 343 4127 sum
360 4075 469 4141 haeres3
491 4091 593 4144 pauper
605 4092 696 4138 eram,
715 4073 856 4143 orphanus,
867 4089 957 4136 eram,
978 4092 1033 4125 noa
1052 4071 1155 4134 habui,
1176 4073 1224 4142 qui

108 4163 153 4197 rue
170 4154 312 4212 pasceret,
331 4145 393 4196 ideo
413 4154 489 4198 extra
502 4145 616 4215 patriam
635 4146 687 4206 ivi,
708 4144 787 4198 stibi
802 4160 890 4213 usqae
905 4144 987 4197 modo
1002 4160 1045 4196 me
1060 4159 1121 4196 meo
1145 4143 1226 4194 laboq

108 4233 138 4268 re
159 4214 296 4275 conduxi,
317 4223 345 4266 et
361 4216 498 4268 vulteum
514 4214 572 4266 solo
596 4214 751 4266 testimonio
777 4215 857 4265 illum
881 4215 930 4284 qui
955 4214 1076 4267 iussione
1092 4213 1223 4282 Episcopi

109 4285 201 4343 haeres
215 4288 329 4344 attactus.
343 4294 394 4351 est,
415 4294 443 4342 et
458 4284 525 4364 quia
537 4302 616 4341 saum
637 4301 759 4344 marsum
778 4285 850 4342 bene
867 4283 1026 4350 excultam,
1046 4292 1075 4353 ct
1087 4283 1224 4343 firmatura
