2676 4976
512 263 797 319 exorcismorum
1144 253 1221 330 snt,

101 419 135 474 te
158 425 298 468 manum
318 405 443 466 mittere
461 422 557 463 ausus
578 401 690 480 fuerit,
710 402 853 469 eiusdem
868 408 1097 490 omnipotentis
1118 413 1221 479 vii-tm
1274 409 1288 428 '

101 511 208 574 super
231 511 310 551 eum
337 487 397 547 boo
424 484 588 548 declarare
609 485 777 568 dignetur5
798 498 835 549 ut
861 491 1081 556 omnishomo
1110 496 1221 559 timeat

103 583 140 636 et
158 569 393 652 ,contremiscat
419 588 536 642 nomen
568 579 713 638 sanctum
734 567 855 650 gloriae
875 573 1007 638 Domini
1028 575 1142 660 nostri,
1161 579 1221 663 qni

107 655 200 720 vivit
220 663 253 719 et
273 659 385 737 regnat
402 653 490 714 Deus
510 670 569 734 per
589 649 697 712 omnia
719 652 839 718 secula.

494 766 787 852 ¹Onsrro.

198 883 334 964 Domine
355 881 431 952 lesa
453 879 592 958 Christe,
623 879 681 964 qni
702 901 736 942 es
757 881 873 962 index,
896 884 1018 964 instns,
1040 889 1155 969 tortis,
1188 900 1221 956 et

87 969 259 1056 patiens,
293 975 326 1027 et
345 966 483 1028 multum
504 962 704 1044 misericors,
734 977 793 1046 p'er
817 986 915 1049 quem
942 969 1121 1034 factasunt
1151 995 1221 1036 om·

111 1055 182 1131 nin,
201 1053 289 1130 Deus
308 1050 455 1110 Deorum
475 1055 507 1110 et
526 1045 684 1108 Dominus
704 1046 972 1130 Dominantinm,
1005 1053 1061 1136 qui
1089 1066 1221 1138 propter
1330 1103 1335 1110 .

1 1136 2 1139 ’
110 1158 172 1198 nos
190 1131 344 1194 homines
358 1138 392 1193 et
411 1139 543 1212 propter
559 1137 698 1190 nostram
719 1131 853 1190 salutem
870 1132 910 1194 de
929 1133 1004 1196 sinu
1024 1137 1127 1199 Patris
1148 1139 1222 1202 des-

107 1215 259 1293 cendisti,
282 1224 316 1276 st
335 1233 377 1274 ex
396 1212 533 1297 Virgine
553 1209 654 1277 Maria
675 1231 805 1274 carnem
825 1235 984 1278 assumere
1005 1216 1154 1300 dignatus
1174 1241 1218 1299 es,

105 1309 140 1364 et
163 1319 223 1380 per
241 1295 431 1366 Passionem
452 1305 539 1362 tuam
559 1293 716 1360 mundum
736 1293 770 1354 in
798 1317 895 1360 cruce
915 1299 1099 1379 redemisti,
1122 1311 1154 1364 et
1180 1303 1222 1368 ad

103 1383 231 1444 inferos
261 1377 476 1456 descendisti,
503 1386 535 1438 et
559 1376 732 1437 Diabolum
766 1377 800 1438 in
837 1378 979 1442 tenebris
1008 1384 1222 1448 exterioribus

103 1461 306 1544 conligasti,
342 1471 375 1522 et
395 1481 506 1538 omues
531 1458 656 1535 lustos,
690 1457 747 1542 qui
769 1457 1074 1544 originali'peccato
1103 1466 1224 1528 ibidem

103 1545 358 1617 detinebantur,
381 1564 494 1628 magua
514 1541 659 1625 potentia
680 1550 735 1603 tua
757 1542 874 1604 exinde
902 1544 1063 1628 liberasti,
1095 1557 1130 1609 tu
1157 1552 1222 1611 Do·

104 1627 212 1706 mina,
235 1647 439 1708 quaesumus,
461 1621 588 1686 mittere
612 1623 754 1706 digneris
777 1624 934 1706 Spiritum
956 1636 1048 1689 tuum
1078 1641 1224 1694 sanctum

107 1733 153 1776 ex
174 1731 298 1772 summa
319 1707 403 1770 coeli
426 1729 499 1770 arao
520 1705 723 1778 sururbano
742 1717 927 1778 ¹creaturam
945 1731 1058 1792 aquae,
1080 1734 1163 1794 qnae
1183 1713 1224 1778 ab

108 1794 192 1877 igne
209 1792 388 1854 fervescere
410 1800 506 1872 atque
528 1728 687 1850 calescere
704 1788 844 1870 ridetur,
867 1800 1045 1854 otrentum
1067 1793 1224 1858 iudicium

110 1895 176 1960 per
205 1894 276 1934 eam
294 1893 391 1956 super
419 1871 508 1932 bano
536 1869 701 1932 hominem
728 1873 859 1936 nomine
887 1872 945 1936 illo
973 1877 1159 1958 comprobet
1186 1900 1225 1942 ao

113 1955 308 2018 manifestet.
350 1956 397 2018 Te
417 1954 555 2016 Domine
575 1955 663 2014 Deus
683 1954 845 2038 supplices
860 1955 1087 2040 deprecamur,
1108 1958 1165 2041 qni
1187 1960 1223 2024 iu

113 2034 208 2102 Cana
230 2038 389 2100 Galilaeae
409 2037 501 2120 signo
521 2035 704 2097 admirabili
725 2046 780 2096 tua
801 2038 921 2100 virtute
943 2060 983 2100 ex
1009 2060 1090 2122 aqna
1110 2041 1241 2106 vinum

111 2121 248 2198 fecisti,
270 2129 301 2180 et
330 2130 393 2180 tres
415 2141 532 2202 pueros
553 2117 677 2195 Sidrac,
700 2118 797 2180 Misso
807 2163 817 2198 ,
849 2130 882 2182 et
901 2119 1076 2204 Abdenago
1102 2123 1141 2184 de
1172 2146 1223 2186 ca·

108 2203 206 2265 mino
227 2202 308 2284 ignis
330 2202 472 2264 ardentis
495 2201 620 2263 illaesos
643 2200 793 2279 eduxisti,
816 2211 848 2262 et
867 2204 1044 2264 Susannam
1072 2205 1112 2266 dc
1141 2197 1225 2270 falsa

108 2286 254 2348 crimine
274 2285 426 2362 liberasti,
442 2305 538 2346 caeco
559 2291 633 2342 nato
654 2283 765 2344 oculos
786 2284 950 2366 aperuisti,
972 2287 1126 2348 Lanarum
1142 2311 1224 2372 quas·

107 2369 303 2430 triduanum
323 2367 340 2426 d
361 2375 567 2428 monumento
589 2365 765 2443 suscitasti,
795 2376 827 2428 et
847 2367 943 2428 Petro
970 2372 1127 2452 mergenti
1155 2393 1224 2432 ms·

108 2474 196 2512 num
216 2449 399 2532 porrexisti,
420 2469 461 2510 ne
483 2447 634 2530 respicias
655 2457 785 2531 peccata
807 2459 915 2512 nostru
936 2450 968 2509 io
984 2450 1045 2516 hac
1067 2452 1212 2518 orations

107 2534 172 2596 sed
193 2541 288 2593 tunm
310 2553 423 2594 verum
443 2539 476 2593 et
496 2539 641 2593 sanctum
663 2531 819 2592 iodicium
840 2553 947 2606 coram
977 2531 1162 2598 hominibus
1188 2537 1222 2600 iu

106 2617 179 2678 boo
207 2614 410 2675 manifestare
432 2613 590 2698 digneris;
622 2623 659 2674 nt
681 2613 708 2675 si
735 2613 789 2674 hic
810 2613 905 2676 homo
925 2636 986 2698 pro
1013 2617 1072 2678 hac
1093 2627 1224 2700 reputa·

108 2697 215 2762 tionis
237 2718 347 2774 causa,
376 2697 463 2757 furto
484 2695 652 2773 uidelicet,
684 2697 734 2758 ‘vel
757 2696 950 2776 homicidio,
978 2709 1035 2760 aut
1053 2701 1224 2781 adulterio,
1255 2727 1258 2734 ’

108 2782 169 2844 vel
193 2780 341 2858 luxuria,
367 2789 423 2840 aut
446 2799 505 2874 ppo
530 2777 674 2920 partinet
702 2800 795 2842 cansa
817 2781 930 2862 culpae
957 2781 1055 2844 modo
1075 2783 1115 2844 ad
1135 2803 1225 2864 pras·

107 2884 189 2928 sens
210 2883 339 2922 manum
359 2883 448 2924 suam
469 2882 503 2920 m

109 2955 150 3010 et
170 2943 340 3028 culpabilis
364 2965 403 3004 ex
424 2943 485 3004 hau
507 2963 600 3004 cansa
622 2964 687 3004 non
710 2951 767 3020 est,
796 2941 858 3004 hoc
880 2942 910 3004 ei
931 2945 1225 3030 praestare‘digns,

108 3027 160 3091 ris
182 3028 330 3088 utnulla
351 3025 449 3107 laesio
468 3024 522 3088 rel
543 3025 667 3110 macula
690 3023 723 3084 in
746 3023 857 3084 eadem
876 3045 974 3084 manu
994 3027 1153 3114 appareat,
1165 3049 1225 3114 per
1268 3055 1271 3062 ·

110 3132 216 3194 qnam
236 3109 306 3172 sine
328 3109 423 3192 culpa
445 3107 637 3170 calumniam
659 3105 812 3172 incurrat.

200 3217 321 3276 Iterum
341 3222 383 3290 te,
408 3214 496 3274 Deus
516 3213 730 3295 omnipotens,
758 3232 816 3272 nos
841 3209 967 3295 indigni
989 3220 1023 3276 ct
1041 3223 1224 3297 peccatores

108 3297 229 3360 famuli
251 3297 297 3356 toi
319 3295 510 3378 suppliciter
530 3316 655 3356 oramus
676 3304 713 3355 ut
735 3302 892 3373 sanctum,
913 3317 1028 3359 verum
1048 3305 1226 3361 carectum

110 3379 277 3442 indicium
305 3387 395 3438 tuum
425 3376 517 3439 nobis
548 3377 581 3438 in
611 3377 674 3438 hoo
700 3377 794 3438 etiam
821 3378 1025 3442 manifestare
1055 3379 1224 3462 digneris,

110 3472 276 3545 quatenus
301 3461 356 3520 hic
376 3459 472 3520 homo
499 3481 539 3519 ex
566 3459 626 3520 hac
655 3459 869 3542 reputationis
891 3481 1008 3536 causa,
1037 3461 1062 3524 si
1086 3481 1144 3545 per
1163 3462 1225 3522 ali-

109 3545 206 3627 quod
225 3535 428 3620 malaifioiam,
448 3541 585 3602 Diabolo
605 3542 794 3627 instigante,
816 3550 871 3604 aut
894 3544 1068 3626 eupiditate
1094 3545 1144 3608 vol
1168 3566 1226 3608 su·

140 3627 229 3689 erbia
253 3627 420 3702 incitante,
443 3623 612 3706 culpabilis
634 3635 680 3685 est
701 3624 734 3682 in
756 3627 841 3687 sancto
864 3628 915 3686 rel
943 3627 978 3688 io
1000 3650 1170 3705 consensu,
1194 3639 1227 3688 et

111 3651 179 3772 boc
201 3706 469 3789 comprobationis
490 3706 646 3768 iudiciuin
666 3707 850 3773 subvertere
873 3710 925 3770 vel
954 3711 1075 3772 violare
1096 3712 1225 3787 rolens,

114 3793 203 3852 malo
224 3791 362 3852 conlisus
383 3788 534 3870 ingenio,
565 3811 694 3848 manum
723 3811 810 3852 suam
834 3792 866 3850 in
896 3791 980 3852 hano
1001 3815 1115 3874 aquam
1138 3814 1226 3874 prae·

114 3884 302 3956 sumptuose
330 3873 454 3934 mittere
481 3892 574 3953 ausus
596 3873 711 3949 luerit,
745 3882 799 3934 toa
825 3874 926 3956 pietas
951 3875 1059 3936 taliter
1083 3876 1145 3934 hoo
1167 3875 1226 3936 de-

115 3957 239 4018 clarare
263 3956 424 4039 dignetur,
453 3965 490 4015 ut
509 3953 541 4013 in
566 3955 635 4016 eius
663 3976 760 4014 manu
790 3956 914 4018 dinosci
944 3966 1040 4038 ‹pneat
1065 3956 1154 4037 quod
1180 3957 1226 4022 iu·

558 2880 617 2921 auc
641 2883 756 2944 aquam
786 2859 861 2942 igne
882 2863 1059 2926 ferventem
1089 2864 1224 2943 miserit,

116 4040 201 4100 iuste
225 4038 308 4121 egit,
331 4047 368 4098 nt
389 4046 422 4100 st
444 4035 511 4118 ipsc
532 4035 684 4116 deinceps
704 4057 761 4118 per
778 4039 1132 4115 reram-confessionem
1154 4060 1227 4121 pop·
1320 4088 1325 4112 ,

116 4120 288 4181 nitentiam
318 4139 412 4200 agens
433 4120 473 4180 ad
503 4121 760 4182 emendationem
790 4119 977 4202 perveniat,
1009 4129 1043 4180 et
1071 4119 1227 4194 iodicium

114 4212 209 4266 tuum
228 4212 375 4266 sanctum
397 4212 553 4266 utrorum
576 4201 609 4263 in
631 4203 779 4265 omnibns
801 4203 949 4284 gentibus
971 4203 1154 4268 declaretur
1169 4226 1226 4287 per

841 4316 888 4386 36
