2676 4976
189 281 264 356 514
648 299 840 354 roanuisa

189 443 262 506 silio
284 439 467 503 meditantis
496 459 587 502 casus
601 438 759 501 humanae
779 439 958 522 fragilitatis
986 463 1138 525 corpore,
1160 465 1195 506 ne
1216 470 1258 512 uos

188 524 347 607 contingit
367 523 496 582 ultimos
519 522 588 582 dics
615 521 834 599 inordinatus,
858 523 946 602 quod
974 525 1063 585 Deus
1085 536 1207 605 avertat,
1230 532 1259 593 de

186 609 283 670 huius
308 605 428 667 saeculi
447 603 555 666 lustris
579 603 827 681 discederemus,
850 605 1033 667 debitumve
1054 617 1178 670 naturae
1193 631 1259 670 con-

109 709 111 716 ·
184 690 392 775 pleverimus,
415 687 491 747 dum
519 687 551 746 in
577 695 659 748 terra
686 708 746 747 nus
769 687 898 748 sobolus
921 709 986 748 nou
1014 687 1178 766 babemus,
1203 715 1259 756 nos·

185 783 334 854 trumque
363 772 525 851 elegemus
555 769 768 850 conspirante
785 771 854 830 Deo
877 791 1048 831 commuue
1075 774 1199 835 consilio
1217 798 1259 858 per

186 855 324 918 cartulae
355 861 480 914 textum
504 860 648 913 nostrum
672 852 838 914 voluntate
865 852 1080 915 conscribere.
1124 855 1193 916 ldeo
1216 879 1259 940 ego

185 945 375 999 memoratus
397 933 464 1013 illi,
497 935 523 996 si
547 943 584 992 tu
611 932 691 993 milii
718 933 901 995 dulcissima
924 935 1044 996 coniux
1065 957 1133 997 mea
1156 938 1203 998 illa
1222 962 1258 1000 su·

182 1019 324 1104 perstitis
346 1017 458 1093 fueris,
480 1037 554 1078 cum
576 1037 636 1098 ego
656 1016 696 1077 de
716 1016 776 1076 bac
799 1016 874 1078 luce
899 1017 1085 1095 discessero,
1107 1019 1257 1084 debitumve

183 1111 317 1162 naturae
339 1100 553 1181 complevero,
574 1107 653 1158 tuuc
672 1108 706 1158 tu
727 1099 783 1160 tris
800 1099 957 1178 portionis
980 1100 1132 1162 deumne
1152 1125 1257 1186 corpore

68 1233 72 1240 .
182 1183 344 1246 facultatis
370 1203 470 1259 meae,
493 1203 590 1261 quem
621 1179 654 1240 iu
681 1201 762 1262 pago
786 1180 845 1241 illo
863 1192 895 1243 et
924 1181 974 1241 illi
1000 1202 1042 1244 ex
1063 1183 1145 1244 aloto
1167 1208 1256 1268 paren

181 1276 252 1326 tum
277 1285 438 1340 meorum,
468 1265 521 1324 vel
549 1263 588 1323 de
622 1264 768 1346 quolibet
797 1272 961 1326 contracto
983 1264 1064 1324 mihi
1087 1267 1199 1346 legibus
1218 1268 1255 1328 ob

181 1349 294 1426 venit,
317 1348 343 1407 si
370 1345 469 1428 prolis
499 1345 628 1406 interim
658 1367 723 1404 non
752 1346 873 1406 luerint
897 1348 1077 1428 procreati,
1108 1350 1162 1410 tibi
1189 1359 1254 1410 tran

181 1431 307 1507 scribo,
339 1436 376 1489 ut
397 1428 554 1510 quicquid
577 1428 694 1488 exinde
718 1426 750 1487 in
778 1429 981 1510 postmodum
1005 1430 1124 1492 exinde
1146 1433 1253 1494 volueris

179 1513 376 1589 faciendum,
404 1511 504 1572 idest
528 1519 590 1570 tam
615 1509 648 1568 in
672 1510 828 1589 domibus,
852 1511 1021 1583 aedificiis,
1045 1514 1209 1596 mancipiis,
1219 1515 1254 1576 vi-

180 1598 264 1674 neis,
286 1594 394 1671 silvis,
415 1592 532 1676 pratis,
556 1592 656 1674 agris,
682 1593 850 1671 acolabus,
876 1594 967 1675 aquis
988 1616 1197 1678 aquarumque
1214 1597 1254 1656 de·

179 1678 342 1752 cursibus,
365 1675 484 1736 iunctis
507 1685 539 1736 et
561 1674 762 1754 subiunctis,
791 1675 970 1739 mobilebus
999 1699 1074 1738 cum
1100 1701 1185 1740 omne
1204 1679 1252 1738 ime

180 1770 213 1826 et
232 1759 393 1823 soliditate
416 1778 544 1834 eorum,
567 1758 750 1838 integrum,
772 1758 856 1819 sieut
877 1759 894 1819 a
917 1780 968 1820 me
994 1761 1060 1823 fuit
1084 1783 1254 1845 possessum,

176 1841 413 1930 possedendum
433 1848 490 1900 tuo
517 1839 587 1900 iure
612 1839 764 1922 recipias,
786 1852 819 1903 et
840 1843 1078 1923 perpetualiter
1103 1845 1253 1926 possideas;

177 1939 211 1988 et
231 1923 388 2009 quiequid
407 1921 525 1984 exinde
550 1921 698 2004 elegeris,
718 1922 860 1984 faciendi
885 1925 1025 1986 liberum
1046 1927 1171 2008 potiaris
1195 1926 1254 1986 arbi·

178 2010 285 2072 trium.
326 2006 410 2083 Quia
431 2026 500 2066 rem
526 2004 626 2088 ipsam
650 2004 745 2066 aliter
771 2025 866 2086 quam
891 2006 979 2088 quod
1001 2007 1170 2070 heredibus
1187 2009 1254 2084 meis,

178 2094 234 2153 illa
262 2097 374 2172 quarta
405 2107 484 2148 vero
506 2086 657 2169 portione
681 2099 948 2166 reservaverunt,
985 2089 1067 2152 haec
1099 2102 1253 2152 contrives

175 2173 433 2258 propinquorum
458 2169 631 2230 heredibus
656 2169 806 2250 legitimis
828 2171 908 2232 meis
930 2192 1083 2251 reservo,
1106 2184 1140 2234 ut
1157 2183 1187 2234 tu
1201 2193 1255 2233 con·

178 2258 235 2316 iux
265 2275 335 2315 mea
359 2254 416 2312 illa
449 2251 520 2312 illas
549 2253 607 2312 tris
636 2252 810 2334 portionis,
840 2262 872 2315 et
897 2254 956 2338 ipsi
989 2254 1119 2317 heredis
1140 2256 1195 2316 mei
1214 2254 1254 2313 illa

178 2348 290 2421 quarta
323 2335 471 2396 similiter
497 2334 620 2394 dehetis
646 2335 813 2416 percipere
840 2345 873 2397 et
905 2336 1081 2418 possidere.
1130 2337 1253 2399 Similiter

178 2442 237 2501 ego
265 2419 322 2476 illa
344 2418 377 2476 in
399 2437 469 2493 ara,
501 2417 590 2476 iuxta
608 2425 644 2475 ut
664 2416 810 2498 superius
839 2419 1027 2480 contenitur
1049 2421 1208 2504 depictum,
1220 2439 1254 2479 re·

178 2500 309 2583 ligionis
333 2519 414 2581 quos
440 2507 529 2559 tenet
548 2508 616 2559 tera
637 2520 706 2559 mea
726 2535 815 2546 —-—
829 2535 871 2547 -·
886 2503 926 2562 ad
948 2523 1004 2565 vos
1029 2503 1185 2564 voluntate
1203 2521 1253 2560 mea

179 2582 395 2662 conscriptas,
430 2589 463 2640 et
496 2601 555 2661 ego
584 2581 624 2641 ad
652 2581 898 2644 similitudinem
930 2587 1134 2646 conscribere
1163 2581 1254 2666 rogavi.

176 2667 263 2746 Ergo
292 2666 318 2726 si
349 2672 385 2722 tu
408 2661 487 2721 mihi
518 2663 722 2724 dulcissimus
752 2666 863 2726 iocalis
894 2689 984 2728 meus
1020 2668 1072 2728 illi
1106 2664 1253 2750 superstitis

176 2747 288 2824 sueris,
311 2767 384 2806 eum
405 2765 465 2827 ego
490 2743 529 2804 de
551 2746 610 2807 hae
632 2746 705 2807 luce
727 2748 919 2828 discessero,
943 2749 1127 2811 debitumve
1151 2759 1253 2810 naturae

177 2833 396 2912 complevero,
418 2837 495 2888 tunc
518 2835 554 2887 tu
581 2829 639 2889 tris
668 2832 765 2909 partis
788 2831 828 2891 de
855 2853 949 2892 omne
972 2853 1108 2914 corpore
1126 2828 1254 2892 facultatis

175 2935 276 2989 meae,
290 2911 377 2993 quod
391 2910 424 2968 in
442 2929 523 2991 pago
542 2911 599 2971 illo
615 2920 647 2971 et
660 2911 718 2971 illo
734 2933 773 2972 ex
789 2913 872 2973 alote
884 2923 1055 2994 parentum
1067 2937 1198 2976 meorum
1209 2911 1255 2970 abi·

175 3020 210 3060 re
225 2996 350 3069 videor,
360 2992 577 3053 heridismeos
591 2993 623 3052 in
639 2993 713 3072 ipsis
732 2993 788 3054 tris
799 2997 897 3075 partis
909 2995 1048 3058 fottiden
1058 2994 1255 3076 --utquie

175 3080 255 3163 quid
277 3077 316 3138 de
345 3075 420 3156 ipsis
442 3075 498 3136 tris
525 3077 622 3157 partis
643 3076 682 3136 dc
704 3076 786 3136 alote
808 3098 898 3155 meo,
922 3101 955 3140 se
980 3080 1084 3161 prolis
1110 3079 1188 3140 inter
1207 3095 1253 3138 nos

176 3184 242 3222 non
272 3159 395 3219 fuerint
422 3159 590 3238 procreati,
612 3160 717 3218 facere
736 3159 888 3236 volueris,
910 3170 975 3220 tam
992 3162 1027 3220 in
1056 3163 1201 3238 domibus,
1218 3176 1253 3217 ae·

177 3242 309 3318 diliciis,
343 3240 531 3321 mancipiis,
561 3241 683 3315 vineis,
710 3240 820 3319 silvis,
850 3244 932 3324 agris
960 3244 1056 3304 cultis
1084 3254 1116 3306 ct
1138 3239 1251 3314 incultis,

174 3327 285 3408 pratis,
306 3323 494 3400 accolabus,
517 3323 600 3383 sicut
627 3324 712 3382 lime
743 3324 806 3384 fuit
829 3346 1025 3406 possessum,
1051 3327 1210 3408 possideas,
1230 3328 1252 3381 et

174 3410 270 3469 rebus
282 3416 345 3465 tam
365 3404 454 3485 quod
475 3404 515 3463 ad
534 3426 684 3486 praesens
706 3405 867 3488 possidere
885 3408 1010 3486 videor,
1033 3419 1070 3469 ut
1083 3409 1162 3468 mibi
1178 3408 1251 3468 inau-

174 3502 206 3551 te
228 3492 347 3550 iustum
371 3487 551 3548 redebitum
576 3496 634 3565 est,
661 3496 698 3547 tu
720 3489 781 3550 hoc
803 3489 926 3572 integro
950 3492 1022 3552 iure
1049 3491 1199 3576 percipias
1212 3507 1249 3549 re·

176 3573 296 3655 cipere,
325 3578 385 3631 etc.

584 3700 702 3784 [recipit
721 3704 879 3770 securitas.

253 3818 338 3884 XLl.
380 3819 449 3900 Ego
473 3816 560 3878 enim
586 3815 635 3876 illi
659 3815 715 3897 qui
737 3839 921 3881 commoneo
943 3821 1020 3883 villa
1045 3822 1101 3883 illa
1120 3819 1207 3885 sancti
1223 3816 1248 3874 il·

170 3906 244 3966 lius.
294 3900 456 3964 Convenit
482 3899 561 3958 mihi
586 3899 670 3959 bona
693 3901 858 3962 voluntate
881 3903 922 3964 ad
953 3909 1122 3967 securitate
1147 3907 1181 3964 ad
1207 3900 1248 3959 ho·

172 3987 270 4062 mine,
295 4006 410 4045 nomen
434 3983 503 4060 illo,
525 3984 631 4042 facere
659 3982 787 4048 debere.
818 3986 903 4068 quod
929 3986 972 4046 ita
1003 3998 1035 4050 et
1054 3991 1121 4066 fici,
1150 4007 1200 4070 pro
1218 4002 1246 4041 eo

170 4071 257 4149 quod
278 4068 366 4126 illam
390 4086 458 4125 rem
484 4066 524 4125 ad
543 4065 637 4125 furtis
663 4065 857 4127 conditionis
884 4079 957 4150 post
981 4069 1139 4148 babuerit,
1162 4078 1190 4128 et
1206 4085 1246 4124 ae-

170 4152 255 4231 cepit
273 4149 389 4208 exinde
411 4158 544 4230 argento
571 4157 702 4208 tantum.
743 4148 884 4210 Proinde
909 4171 1002 4214 mane
1025 4160 1147 4214 meast
1163 4152 1246 4210 boue·

168 4257 240 4314 rain
264 4233 384 4290 sinuata
406 4230 463 4289 tibi
486 4231 604 4292 exinde
622 4229 757 4307 dedisse,
782 4241 816 4291 ut
840 4241 911 4314 post
934 4232 1022 4298 bunc
1046 4236 1128 4298 diem
1147 4234 1182 4295 de
1201 4229 1245 4289 bec
