2676 4976
482 277 685 357 aestuosa
1072 255 1144 336 ttl

74 425 119 481 aut
135 427 247 503 pastum
268 415 416 478 iumentis
437 415 501 476 suis
519 423 574 476 aut
590 437 720 477 suorum
744 417 903 501 diripere.
925 431 980 483 aut
1000 423 1074 486 inde
1093 445 1151 486 res

71 503 152 564 redos
166 508 216 560 aut
232 497 409 560 veredarios
426 499 571 580 exigere,
593 508 647 558 aut
665 500 709 558 ibi
730 502 913 562 Concilium
936 526 1150 587 congregare,

73 595 120 642 aut
132 583 240 664 aliquid
257 601 296 639 ex
317 579 436 642 eisdem
455 579 533 640 locis
552 602 610 640 suo
633 580 697 640 iuri
721 582 905 661 riudicare,
927 586 1046 670 absque
1068 598 1148 650 tunc

72 667 202 747 temporis
224 660 376 744 Episcopi
405 683 564 722 consensu
589 684 792 744 praesumere
819 667 954 745 audeat,
984 691 1084 751 usque
1109 671 1151 731 ad

73 758 192 808 nostram
205 755 404 826 praesentem
422 744 617 803 audientiam
636 753 667 804 et
683 746 956 814 diiudicationem.
996 751 1039 811 Et
1058 751 1150 834 quis-

73 829 137 910 quis
156 830 187 888 de
203 826 311 886 vicinIs
329 848 372 886 ex
392 847 448 886 sna
468 825 700 887 haereditatula
716 829 755 886 ad
774 831 920 890 eumdem
938 843 1082 893 sanctum
1098 835 1150 894 Io-

74 907 327 984 contradiderit,
351 908 412 968 boc
437 907 541 990 ipsum
562 908 667 968 eidem
692 909 900 973 immunitatis
923 915 1053 974 tuitioni
1077 917 1151 975 sub·

73 995 168 1056 iaceat.
200 993 237 1052 Et
260 997 296 1049 ut
318 991 401 1053 haec
427 990 579 1072 largitatis
605 1001 730 1052 nostrae
762 995 946 1056 ¹constitutio
978 997 1105 1056 firmum
1130 1020 1150 1059 a

73 1073 186 1158 posteris
211 1093 282 1132 suae
312 1073 526 1154 perfectionis
552 1078 698 1134 tenorem
729 1073 873 1137 obtinere
906 1079 1027 1156 valeat,
1050 1099 1149 1139 manu

72 1156 178 1239 propria
201 1177 267 1216 eam
297 1154 461 1237 insignire
485 1154 661 1232 voluimus,
690 1165 720 1215 et
747 1159 846 1218 nostri
875 1159 1022 1241 imaginis
1049 1162 1148 1220 anulo

71 1236 223 1318 consignari
255 1239 490 1320 praecepimus.
539 1237 674 1316 Signum
709 1238 749 1298 K.
781 1239 982 1320 serenissimi
1011 1242 1148 1324 Augusti
1176 1306 1179 1314 ,

67 1319 189 1380 Rectoris
199 1321 417 1396 Francorum,
439 1317 639 1396 Sre'viorum,
654 1318 888 1400 baioariorum,
910 1324 1147 1406 Turingorum,

66 1402 486 1481 Saxonum„Domitorisque
506 1399 709 1460 barbararum
733 1402 908 1470 nationum.
948 1407 1018 1486 Ego
1042 1409 1079 1471 N.
1107 1409 1148 1468 ad

65 1485 152 1544 vicem
173 1485 209 1550 N.
234 1483 498 1566 Arcbicapellani
525 1482 571 1544 sic
593 1504 732 1567 recogno
761 1483 842 1551 lieri.
882 1485 963 1548 Data
986 1489 1041 1550 KI.
1065 1490 1148 1572 Aug.

63 1587 152 1641 anno,
172 1575 202 1625 et
218 1564 287 1632 ind.
305 1576 344 1625 nt
363 1586 467 1648 snpra.
486 1637 489 1641 Ι

130 1647 212 1709 V111.
233 1649 274 1706 In
299 1649 431 1710 nomine
451 1647 569 1725 Patris,
592 1655 625 1711 et
647 1646 723 1712 Filii
744 1657 777 1708 et
796 1646 931 1731 Spiritus
949 1649 1068 1718 Sancti.
1108 1652 1148 1720 N,

61 1729 162 1790 Divina
179 1729 340 1812 largiente
356 1730 534 1794 Clementia
560 1734 734 1814 imperator
755 1734 925 1812 Augustus.
965 1734 1084 1794 Notum
1107 1737 1151 1803 sit

62 1811 189 1872 omnibus
207 1812 359 1874 fidelibus
379 1813 512 1889 nostris,
534 1815 620 1893 qnod
638 1814 688 1874 vir
705 1812 998 1875 Reverendissimns
1019 1818 1057 1877 N.
1080 1817 1149 1877 Ab·

60 1893 105 1953 bas
122 1894 293 1970 coenobii,
318 1895 376 1977 qui
402 1895 520 1956 dicitur
536 1896 573 1954 N.
603 1905 635 1956 et
659 1905 706 1956 cst
728 1904 944 1956 constructum
965 1897 998 1956 in
1023 1897 1147 1960 honore

61 1976 147 2034 sancti
165 1977 315 2058 Martyris
336 1979 365 2038 N
399 1977 514 2038 detulit
537 1977 629 2038 nobis
651 1977 811 2058 quoddam
831 1978 1056 2040 Gloriosissimi
1081 1983 1148 2040 Ge-

60 2057 157 2118 nitorIs
180 2060 279 2119 nostri
296 2061 364 2121 HL.
383 2059 583 2142 Imperatoris
602 2069 827 2142 praeceptum,
854 2059 887 2118 in
908 2083 972 2142 quo
991 2062 1148 2122 contine-

59 2141 156 2216 batur,
177 2142 321 2222 qualiter
342 2142 426 2203 idem
448 2137 677 2202 Monasterium
696 2143 734 2202 ab
759 2141 898 2221 antiquis
914 2143 1110 2224 temporibus
1130 2163 1148 2204 a

58 2221 180 2282 Reeibus
194 2231 385 2302 potestatem
403 2247 439 2282 ac
455 2223 660 2306 privilegium
673 2223 823 2300 haberet,
843 2233 878 2282 ut
891 2224 949 2308 ipsi
968 2229 1081 2302 fratres
1096 2225 1149 2284 in-

59 2313 100 2363 ter
117 2325 147 2364 se
169 2305 328 2366 Abbatem
354 2306 531 2388 eligerent,
554 2316 586 2366 et
613 2306 696 2366 nulli
725 2305 890 2366 hominum
916 2307 1049 2368 subiecti
1079 2328 1147 2368 esse

60 2385 211 2462 deberent,
230 2398 361 2469 praeter
376 2389 409 2447 in
425 2410 462 2448 eo
476 2389 595 2466 solum,
613 2388 772 2471 Episcopo
787 2409 845 2448 suo
862 2388 1044 2466 deferrent,
1059 2391 1149 2472 quod

59 2468 92 2526 ad
109 2469 364 2530 Ecclesiasticam
387 2469 589 2551 disciplinam
609 2471 767 2552 pertinet:
790 2471 943 2532 videlicet
969 2473 1146 2534 ordinatio-

60 2571 122 2608 nem
139 2552 337 2634 aceipiendi,
360 2562 392 2614 et
411 2553 438 2614 si
457 2574 520 2634 qua
537 2554 619 2612 forle
645 2564 755 2614 contra
782 2553 976 2614 Canonicam
1003 2555 1148 2615 authori-

59 2641 139 2692 tatem
160 2634 327 2696 commissa
349 2635 489 2711 fuerint,
518 2634 717 2715 corrigendi,
748 2635 850 2695 donee
869 2633 1057 2716 quibusdam
1079 2657 1148 2696 rna-

61 2713 302 2794 cbinationibus,
323 2716 387 2776 imo
409 2716 659 2798 surreptionibus
681 2718 765 2800 apud
783 2739 878 2780 arum
896 2728 1039 2778 nostrum
1054 2721 1091 2784 N.
1109 2719 1146 2784 R.

58 2797 93 2858 Ill.
119 2797 294 2881 Episcopus
313 2799 374 2880 ipsi
400 2799 561 2861 Ecclesiae
583 2800 668 2861 idem
693 2799 922 2860 Monasterinm
949 2801 1146 2882 ,subiugaret

58 2877 168 2939 Deinde
192 2881 226 2940 in
253 2881 367 2941 eodem
384 2889 553 2962 praecepto
572 2881 701 2942 Domini
724 2890 755 2940 et
768 2881 871 2960 Patris
897 2882 995 2940 nostri
1018 2892 1143 2944 sanctae

58 2961 276 3023 recordationis
291 2960 429 3024 Piissimi
450 2962 527 3022 haec
548 2963 803 3026 continebantur.
846 2961 994 3038 Qualiter
1007 2963 1073 3044 ipse
1088 2983 1148 3042 per

58 3062 121 3102 snae
138 3045 302 3124 potestatis
324 3044 546 3105 authoritatem
567 3045 670 3104 eidem
691 3041 884 3104 Monasterio
904 3042 1024 3104 firmius
1045 3044 1147 3127 privi-

57 3121 163 3203 legium
186 3127 412 3204 concessisset,
435 3149 530 3208 quam
547 3127 635 3210 prius
662 3124 779 3186 habere
803 3123 1036 3186 dinoscebatur.
1079 3127 1148 3185 Cu*

58 3203 100 3264 ius
118 3209 376 3270 constitutionem
397 3218 503 3270 nostra
519 3211 613 3269 etiam
628 3206 817 3268 authoritate
837 3227 992 3266 renovare
1010 3207 1048 3266 ab
1065 3207 1162 3266 eius--

59 3286 121 3346 dem
134 3289 263 3351 Abbatis
276 3290 537 3353 intercessoribus
556 3288 714 3372 implorati
732 3287 945 3370 praecipimus
960 3296 1054 3369 atque
1072 3309 1149 3347 con*

59 3368 223 3449 aldelmus,
246 3381 282 3432 ut
306 3371 391 3434 idem
414 3395 503 3435 sacer
525 3373 615 3434 locus
635 3380 759 3433 nostrae
784 3369 991 3432 imm'nnitatIs
1015 3369 1146 3430 tuitioni

60 3451 206 3516 subiectus
221 3477 239 3513 a
260 3465 458 3517 caeterorum
474 3454 641 3514 hominum
666 3452 881 3516 dominatione
902 3453 936 3511 in
954 3461 1147 3534 perpetuum

59 3532 93 3604 sit
113 3535 288 3598 absolutus:
313 3546 345 3598 et
369 3537 479 3598 nullus
503 3537 696 3619 Episcopus,
725 3536 834 3596 nullus
856 3535 987 3606 Comes,
1011 3553 1071 3594 nec
1094 3557 1147 3594 eo-

59 3633 120 3674 rnm
142 3619 273 3694 Missus,
303 3619 337 3680 in
363 3620 504 3681 eiusdem
532 3617 716 3680 Monasterii
749 3616 997 3700 possessionibus
1029 3616 1146 3696 absque

58 3698 201 3775 petitione
229 3707 261 3762 et
280 3700 438 3762 consensu
465 3700 594 3762 Abbatis
618 3700 715 3783 ipsius
745 3699 929 3782 Concilium
950 3719 1146 3780 congregare

61 3787 86 3836 et
100 3783 274 3846 mansiones
292 3784 352 3844 sibi
366 3804 496 3867 parare,
518 3793 550 3844 et
563 3783 602 3843 ad
619 3784 722 3866 ipsum
738 3781 983 3857 Monasterinm‚
1005 3782 1031 3840 si
1045 3801 1147 3862 quan³

60 3859 94 3918 do
111 3883 180 3922 cum
206 3864 370 3938 rationalis
396 3887 488 3927 causa
507 3866 572 3927 sire
593 3865 762 3926 necessitas
783 3863 907 3924 itineris
934 3862 1126 3944 pertraxerit
1133 3896 1145 3932 ,-

60 3961 123 4002 cum
149 3945 355 4008 multitudine
382 3944 548 4008 bominum
575 3955 607 4007 et
639 3945 782 4007 exercitu
808 3944 920 4004 venire
947 3955 1146 4024 praesumat,

60 4025 108 4084 sed
124 4029 261 4090 modeste
280 4039 313 4090 et
331 4031 482 4091 decenter
509 4031 591 4090 sieut
615 4037 723 4090 sancta
745 4028 815 4086 loca
832 4026 926 4100 decet
952 4023 1059 4100 adlre,
1083 4039 1144 4084 nec

61 4106 137 4168 ullus
155 4109 326 4192 superioris
346 4121 401 4172 ant
422 4111 584 4172 inferioris
609 4109 742 4171 Ordinis
761 4107 863 4168 ludex
884 4104 1006 4187 aliquid
1026 4106 1067 4166 de
1087 4108 1146 4166 eia³

61 4187 278 4254 demcoenobii
297 4193 562 4276 possessionibus,
584 4213 662 4276 quas
678 4190 771 4252 modo
793 4186 939 4271 legaliter
952 4186 1095 4266 ahaua,
1113 4192 1147 4250 et
1166 4211 1168 4221 ·
