2734 4990
520 307 778 362 arnuanaaoan
1034 279 1037 288 '
1139 287 1211 362 441

91 448 254 532 Epistola
286 447 363 526 Regi
387 446 539 508 mittenda
564 468 624 530 pro
651 449 794 512 libertate
818 449 900 510 servi
927 449 977 508 rui
1004 447 1211 532 impetranda.

191 585 230 653 C.
269 585 405 646 Domino
419 586 638 648 invictissimo
660 597 755 670 atque
774 587 914 669 glorioso
935 588 1015 670 negt
1034 587 1104 648 illi:
1123 611 1212 652 sanc·

94 663 134 730 ta
157 669 353 752 Lingonens'
389 669 535 729 Ecclesia
555 679 754 752 praesentem
775 679 1025 752 perpetuamque
1049 671 1211 740 incessan-

96 762 157 814 ter
183 753 333 812 felicitate
396 751 607 813 devotissimis
639 763 748 814 exorat
774 752 932 834 precibus.
985 753 1036 814 Ad
1067 754 1213 815 notitiam

100 835 306 896 celsitudinis
326 843 451 894 vestrae
476 836 621 915 perferre
646 832 945 896 nos‘ecclesiastica
970 845 1125 916 provocat
1153 859 1213 898 ne·

101 917 235 978 cessitas
264 917 302 977 de
333 916 535 998 promotione
560 918 642 980 servi
671 919 769 979 vestri
799 917 929 978 nomine
959 918 1048 980 illius
1069 941 1109 982 ex
1138 920 1212 982 loco

102 999 186 1059 ioris
206 999 304 1059 vestri
333 1009 519 1081 nuncupato
544 1000 612 1078 illo,
634 1002 673 1062 de
699 1000 880 1062 Ministerio
900 1000 958 1060 illo
978 1002 1031 1062 rel
1051 1002 1090 1064 dc
1108 1003 1211 1065 bene-

102 1081 178 1141 ficio
207 1080 290 1158 illo,
321 1083 412 1140 cuius
438 1079 537 1164 gratia
559 1083 726 1160 eruditus,
755 1091 787 1144 et
808 1083 894 1142 inter
922 1090 1048 1146 nostrae
1074 1085 1212 1167 parvita-

101 1157 143 1222 tis
171 1157 289 1238 studia,
319 1163 469 1241 scientia,
493 1165 568 1243 vita,
592 1187 629 1226 ac
650 1165 790 1226 moribus
814 1166 1024 1248 promodulo
1047 1167 1211 1252 qualitatis

99 1245 333 1325 quantitatisve
355 1247 540 1324 instructus,
563 1247 626 1307 ianr
643 1269 759 1308 munus
777 1247 966 1324 clementiae
988 1258 1111 1310 vestrae
1135 1249 1213 1311 dan·

99 1331 182 1396 dum
215 1327 374 1410 nobisque
396 1329 640 1410 significandum
663 1328 732 1392 eius
763 1331 803 1390 de
827 1329 972 1390 libertate
994 1341 1210 1416 expectantes,

100 1411 143 1470 ad
171 1411 288 1491 gradus
320 1411 549 1472 ecclesiasticos
584 1434 659 1472 eum
685 1433 874 1496 promovere
905 1422 1029 1474 vestrae
1056 1415 1212 1498 largitatis

100 1492 329 1552 munificentia
354 1494 455 1573 parati
478 1515 587 1555 sumus
605 1517 679 1554 mox
708 1505 745 1556 ut
768 1503 919 1555 statutum
946 1495 985 1556 de
1011 1518 1051 1557 eo
1076 1509 1212 1562 vestram

102 1574 341 1636 canonicamve
363 1575 524 1656 dignitatis
543 1577 733 1639 senserimus
754 1577 927 1639 licentiam.
967 1580 1054 1641 Deus
1074 1581 1158 1644 coeli
1178 1588 1213 1642 et

103 1665 213 1717 terrae
236 1655 470 1742 universaeque
493 1658 684 1720 conditionis
705 1659 747 1732 ad
766 1662 898 1720 tutelam
915 1681 971 1720 vos
988 1683 1113 1745 semper
1133 1686 1210 1747 pro·

106 1747 199 1818 tegat
217 1736 445 1816 Christianam,
468 1739 512 1798 ita
537 1751 574 1800 ut
599 1740 659 1802 hoc
688 1764 764 1804 aevo
791 1752 897 1804 vestro
923 1764 1021 1825 super
1040 1746 1210 1810 exaltatam

109 1817 145 1878 in
171 1819 318 1880 omnibus
346 1830 469 1882 sanctae
487 1823 604 1899 'matris
625 1824 787 1886 Ecclesiae
810 1825 927 1886 sentiat
940 1845 1076 1889 causam.

384 1950 529 2013 Libertas
560 1955 676 2014 ciuium
700 1955 922 2015 Romanorum.

190 2063 245 2134 Gl.
285 2066 466 2128 Auctoritas
490 2068 706 2130 ecclesiastica
726 2078 875 2152 patenter
896 2071 1056 2150 admonet,
1078 2071 1212 2156 insuper

107 2159 140 2212 et
163 2149 308 2212 maiestas
332 2150 420 2232 regia
449 2153 623 2212 canonicae
654 2152 805 2234 religioni
828 2175 992 2214 assensum
1010 2155 1152 2236 praebet,
1174 2163 1211 2216 nt

106 2253 336 2318 quemcunque
369 2255 472 2294 sacros
496 2233 536 2294 ad
560 2233 690 2296 ordines
717 2256 756 2296 ex
783 2235 905 2296 familia
929 2237 1059 2318 propria
1079 2260 1211 2320 promo-

105 2337 184 2376 vere
201 2315 352 2376 ¹Ecclesia
373 2338 520 2398 quaeque
543 2317 711 2398 delegerit,
732 2317 766 2376 in
792 2319 971 2398 praesentia
990 2321 1211 2398 sacerdotum,

104 2391 347 2460 Canonicorum
371 2400 465 2460 simul
487 2407 519 2459 et
544 2399 702 2460 nobilium
726 2398 915 2478 Laicorum,
952 2400 1020 2464 eius
1047 2402 1105 2484 qui
1139 2403 1213 2464 sub-

105 2480 210 2544 iectus
235 2489 283 2542 est
304 2481 510 2542 manumissio
542 2481 600 2542 sub
630 2481 788 2542 libertatis
814 2490 1003 2544 testamento
1033 2485 1212 2546 solenniter

105 2563 286 2627 roboretur.
328 2563 455 2626 Idcirco
480 2585 538 2644 ego
562 2564 595 2622 in
617 2565 679 2624 Dei
693 2565 822 2625 nomine
843 2564 900 2625 ille
918 2567 1094 2650 Episcopus
1110 2588 1212 2650 quen·

107 2645 178 2704 dam
205 2643 371 2704 Ecclesiae
397 2655 523 2706 nostrae
550 2647 706 2706 famulum
728 2648 857 2708 nomine
887 2648 981 2708 illum
1001 2651 1099 2712 sacris
1122 2649 1212 2712 ordi-

108 2723 208 2788 nibus
226 2725 370 2807 diguum,
392 2729 433 2787 ad
458 2727 565 2790 altaris
585 2750 698 2805 cornu,
721 2729 878 2790 nobilium
902 2732 1045 2792 virorum
1062 2733 1097 2792 in
1120 2753 1212 2815 prae-

111 2808 232 2883 sentia,
256 2809 361 2870 civem
387 2811 566 2873 Romanum
594 2833 653 2893 per
677 2811 740 2872 hoc
762 2812 957 2874 auctoritatis
985 2823 1211 2876 testamentum

112 2897 225 2961 statuo,
246 2888 288 2948 ita
311 2899 347 2949 nt
367 2891 404 2949 ab
417 2891 575 2952 hodierno
594 2894 645 2954 die
668 2905 700 2954 et
718 2902 860 2974 ternpore
879 2895 963 2956 bene
986 2895 1145 2976 ingenuus
1161 2905 1212 2956 at·

113 2991 176 3052 que
202 2970 240 3029 ab
262 2972 348 3029 omni
366 2974 525 3034 servitutis
545 2975 676 3037 vinculo
695 2997 825 3038 securus
843 2986 1038 3055 permaneat,
1059 2988 1212 3060 tanquam

111 3053 139 3112 si
162 3053 200 3110 ab
233 3052 378 3134 ingenuis
397 3057 580 3138 parentibus
605 3059 719 3118 fuisset
740 3065 924 3138 procreatus
941 3057 993 3116 vel
1014 3067 1118 3135 natus,
1142 3082 1213 3121 eam

112 3133 254 3215 donique
276 3145 385 3218 pergat
412 3147 532 3218 partem
556 3161 782 3220 quamcunque
812 3139 925 3198 volens
954 3139 1109 3200 canonice
1141 3142 1212 3201 elc-

110 3216 201 3296 gerit‚
223 3215 407 3298 habensque
427 3229 532 3301 portas
560 3231 701 3302 apertas,
731 3223 775 3281 ita
801 3229 837 3278 nt
858 3219 1009 3302 deinceps
1038 3243 1099 3282 nec
1119 3223 1212 3284 nobis

109 3319 217 3379 neque
244 3302 477 3362 successoribus
504 3295 633 3363 nostris¹
652 3305 756 3364 ullum
781 3301 893 3362 debeat
916 3304 1032 3364 noxiae
1056 3307 1213 3366 conditio·

109 3380 160 3440 nis
186 3381 352 3443 servitium
378 3406 483 3466 neque
512 3384 645 3466 aliquod
669 3384 887 3446 libertinitatis
916 3385 1124 3467 obsequium
1155 3388 1213 3449 sed

110 3463 256 3523 omnibus
282 3463 395 3526 diebus
423 3467 507 3527 vitae
540 3489 614 3526 snae
641 3468 699 3526 sub
725 3477 811 3529 certa
835 3468 1086 3552 plenissimaque
1117 3471 1213 3552 inge·

109 3543 242 3620 unitate,
273 3547 356 3606 sicut
376 3548 432 3626 alii
462 3549 549 3609 cives
576 3550 728 3629 Romani,
756 3549 924 3633 perhanc
952 3552 1211 3614 manumissionis

110 3634 205 3705 atque
226 3625 435 3708 ingenuitatis
461 3630 593 3690 titulum
612 3631 694 3694 bene
716 3655 842 3716 semper
865 3633 1025 3714 ingenuus
1046 3645 1141 3718 atque
1165 3656 1212 3696 se·

111 3728 205 3770 curus
232 3710 354 3774 existat.
397 3713 498 3772 Suum
522 3733 597 3774 vero
618 3716 780 3796 peculiare
806 3715 894 3797 quod
916 3715 1028 3795 babet,
1051 3729 1105 3779 aut
1123 3718 1211 3802 quod

111 3787 225 3848 abhinc
246 3792 369 3872 assequi
391 3796 555 3874 potuerit,
590 3797 686 3858 faciat
717 3799 791 3858 inde
823 3798 1002 3858 secundum
1023 3802 1211 3862 canonicam

111 3872 330 3934 auctoritatem
354 3874 455 3938 libere
477 3878 632 3960 quicquid
652 3881 801 3942 voluerit.
842 3883 884 3941 Et
902 3880 1017 3951 utlhoc
1043 3892 1211 3943 testamen-

110 3962 177 4013 tum
202 3963 296 4034 atquc
318 3955 525 4038 ingenuitatis
549 3963 719 4024 auctoritas
742 3962 963 4036 inviolabilem
987 3964 1210 4024 intervnlsam·

111 4057 171 4114 que
194 4036 337 4098 obtineat
359 4040 556 4121 firmitatem,
578 4065 675 4105 rnann
695 4046 824 4127 propria
847 4043 978 4109 firmavi,
1023 4047 1210 4108 Sacerdotes

111 4136 236 4197 quoqne
258 4129 291 4180 et
320 4122 500 4184 Canonicos
528 4141 654 4186 necnon
686 4137 718 4188 et
749 4125 849 4192 laicos
880 4125 1003 4190 nubiles
1026 4138 1210 4212 praesentes

111 4199 254 4268 similiter
277 4203 386 4265 subter
408 4207 531 4272 firrnare
553 4210 673 4290 rogavi.
1032 4213 1034 4217 ⁸
