2734 4990
153 297 228 372 ato
608 321 798 380 rosunum

154 459 250 520 Facta
276 459 533 522 commendatitia
554 460 586 537 in
612 463 679 546 ipso
699 462 891 534 Monasterio
911 462 1019 528 Sancti
1036 462 1126 527 illius
1145 461 1256 548 publi-

146 542 236 612 citer
255 541 289 602 in
319 563 405 604 auno
426 543 614 606 duodecimo
634 546 736 630 regni,

371 673 535 738 indiculus
553 679 750 764 precatorias
772 677 817 740 ad
835 676 1030 762 Episcopum.

238 789 351 856 tht.
391 791 531 852 Domino
558 802 667 856 sancto
690 804 723 854 et
751 795 923 875 apostolica
949 794 1024 855 sede
1053 792 1190 856 colendo
1218 795 1253 852 in

155 874 284 934 Christo
305 874 481 934 venerabili
502 878 628 936 Domno
650 883 682 936 et
707 877 788 957 patri
810 877 861 936 illi
878 876 1026 937 Pontifici
1046 877 1133 938 urbis
1154 875 1254 952 illins,

155 956 290 1018 civitatis
316 955 413 1032 illius,
435 957 494 1037 ego
517 957 549 1016 in
569 958 630 1018 Dei
656 959 784 1018 nomine
800 959 860 1036 illi,
881 959 964 1020 bene
986 960 1120 1040 cupiens
1137 969 1254 1033 vester,

153 1037 188 1096 in
216 1037 355 1099 Domino
383 1038 473 1100 vobis
499 1039 663 1120 dirigimus
688 1042 822 1101 salutem
846 1051 878 1102 et
904 1063 1073 1123 precamur
1101 1039 1255 1101 Sanctita-

152 1128 219 1179 tem
242 1129 380 1180 vestram
402 1130 439 1179 ut
461 1143 518 1202 pro
548 1123 638 1182 nobis
664 1145 754 1184 orare
777 1124 963 1204 dignemini.
1002 1123 1153 1204 Denique
1175 1141 1250 1202 cog-

153 1201 290 1263 noscatis
314 1202 401 1282 quod
422 1202 479 1264 iste
501 1203 597 1263 horno
621 1215 735 1281 vester,
754 1207 885 1268 nomine
912 1205 980 1283 illo,
1000 1207 1040 1267 ad
1064 1227 1121 1266 nos
1142 1205 1253 1265 confu-

153 1284 242 1366 gium
271 1286 366 1361 fecit,
401 1295 433 1346 et
464 1286 650 1368 dixit'quod
676 1298 785 1348 contra
809 1311 864 1350 vos
889 1288 997 1370 culpas
1024 1287 1140 1348 habeat
1164 1297 1252 1348 com'·

152 1367 270 1434 missas.
311 1368 485 1450 Propterea
508 1368 565 1428 has
591 1369 714 1430 litteras
742 1393 815 1431 cum
838 1371 1027 1432 salutatione
1057 1371 1097 1431 ad
1121 1391 1177 1430 vos
1201 1368 1251 1428 di-

151 1449 306 1526 reximus,
338 1460 369 1510 et
389 1471 557 1531 precamur
583 1451 672 1512 vobis
695 1461 730 1511 ut
757 1453 852 1512 vitam
876 1463 907 1513 et
932 1452 1253 1513 immanentionemet

153 1531 356 1612 disciplinam
380 1533 579 1613 corporalem
603 1531 633 1593 ci
655 1535 832 1596 concedere
856 1535 999 1596 iubentis.
1049 1535 1163 1598 Aliam.
1179 1553 1253 1615 poe·

153 1612 332 1684 nitentium,
352 1615 480 1694 qualem
506 1616 535 1675 ei
558 1616 727 1677 volueritis
750 1617 906 1694 iudicare,
937 1618 969 1676 in
995 1627 1098 1678 vestra
1122 1625 1168 1676 est
1197 1637 1252 1696 po·

150 1703 273 1756 testate.
317 1697 465 1772 Qualiter
496 1697 562 1778 ipse
591 1697 687 1758 bomo
713 1722 820 1759 seeum
843 1701 977 1781 gaudeat
1002 1699 1090 1776 quod
1112 1706 1251 1758 nostram

151 1777 389 1856 suggestionem
412 1779 450 1839 ad
480 1802 535 1840 vos
558 1780 766 1857 deportasset;
797 1789 827 1840 et
849 1783 934 1842 unde
961 1782 1051 1843 nobis
1073 1780 1250 1842 reconiun·

151 1859 224 1941 gitis
250 1861 341 1922 vobis
362 1863 515 1922 remerire
537 1864 691 1944 cupimus.
734 1863 822 1941 Quid
843 1864 957 1946 plura?
1285 1867 1289 1874 ’

225 1987 389 2050 Indiculas
411 2009 502 2069 qttem
522 1989 724 2072 Praepositae
744 1991 927 2051 transmittit
946 1989 991 2050 ad
1007 1989 1167 2054 Albulam.

229 2102 348 2162 XXlll.
389 2101 564 2183 Diligendo
585 2103 624 2163 ad
655 2123 712 2164 nos
735 2106 861 2163 Domno
888 2114 920 2166 et
949 2105 982 2165 in
1013 2105 1140 2165 Christo
1166 2106 1248 2187 patri

151 2192 261 2244 nostro
284 2183 460 2244 venerabili
481 2185 528 2243 illi
544 2185 668 2262 Abbati,
691 2207 749 2266 ego
768 2187 823 2246 ille
845 2188 987 2249 serviens
1006 2197 1100 2268 atque
1114 2190 1247 2270 Praepo-

148 2266 228 2326 situs
243 2275 356 2326 vester.
398 2267 436 2328 ln
455 2268 577 2352 primus
598 2269 680 2327 illud
699 2290 868 2349 precamur
881 2271 1085 2330 sanctitatem
1099 2279 1246 2346 vestram,

150 2347 242 2406 ut-in
269 2357 373 2406 vestra
394 2360 501 2409 sancta
523 2349 667 2409 oratione
689 2372 746 2431 pro
767 2373 816 2411 me
842 2374 909 2413 csse
931 2375 995 2412 non
1019 2351 1247 2432 dedignemini.

148 2429 309 2508 Denique,
330 2431 473 2510 Domne,
497 2432 692 2513 cognoscatis
711 2435 750 2492 ele
772 2434 831 2492 isto
853 2436 983 2495 servitio
1002 2433 1055 2493 ubi
1075 2444 1247 2494 nostrane-

148 2510 289 2586 misistis,
319 2513 377 2592 per
397 2515 528 2573 veritum
554 2515 686 2574 illustris
709 2516 1113 2590 vi1·iilliusComitiS,sui
1138 2516 1246 2575 iunio-

58 2605 62 2622 '
148 2613 200 2652 res
231 2614 296 2651 non
330 2595 446 2654 exinde
482 2600 629 2656 fecerunt
659 2599 820 2676 quomodo
845 2599 890 2660 eis
919 2601 980 2660 suit
1014 2599 1247 2659 demandatum.

147 2675 322 2755 Propterea
346 2674 401 2736 has
418 2677 539 2738 litteras
569 2680 608 2738 ad
632 2701 689 2739 ros
714 2679 900 2757 direximus,
923 2691 959 2741 ut
981 2682 1019 2743 de
1043 2679 1110 2762 ipso
1135 2681 1248 2740 certio·

148 2778 200 2816 res
222 2757 301 2833 sitis,
323 2766 356 2817 et
380 2759 507 2820 inantea
529 2761 688 2840 quomodo
706 2762 793 2822 vobis
823 2773 869 2824 est
892 2766 972 2823 utile
994 2763 1039 2826 sic
1064 2784 1247 2840 compense-

147 2838 188 2898 tis
211 2847 248 2898 ut
274 2849 411 2899 nostram
437 2863 504 2902 rem
531 2865 595 2902 non
627 2841 806 2925 perdamus.
858 2848 946 2926 Quid
969 2847 1090 2929 plural
1125 2844 1247 2906 saluta-

149 2941 219 2981 mus
242 2943 297 2983 vos
317 2943 417 3004 usque
440 2924 480 2985 ad
500 2923 660 3006 gaudium.

169 3050 335 3116 Indiculas
355 3074 443 3133 quem
467 3054 572 3115 Atlas
605 3056 788 3116 transmittit
811 3053 855 3116 ad
873 3055 1028 3117 bominem
1051 3075 1227 3140 pagensem.

229 3167 352 3231 XXIV.
392 3168 584 3230 Dulcissimo
613 3180 721 3231 nostro
742 3181 774 3232 et
794 3180 831 3231 ut
847 3173 1007 3235 credimus
1031 3172 1132 3231 amico
1149 3170 1247 3230 Sanc·

146 3251 172 3312 ti
195 3252 284 3313 illius
300 3251 334 3311 in
357 3252 420 3314 Dei
437 3251 567 3313 nomine
595 3253 655 3330 illi,
682 3255 756 3328 itte,
783 3255 840 3316 etsi
873 3265 1036 3338 peccator,
1057 3255 1156 3329 Abba,
1186 3275 1244 3313 uos

148 3344 181 3395 et
207 3334 318 3411 nostri,
342 3344 519 3396 servientes
541 3335 651 3411 vestri,
684 3336 716 3394 iu
739 3338 876 3398 Domino
904 3339 993 3399 vobis
1016 3337 1180 3418 dirigimus
1199 3357 1245 3395 sa-

147 3415 250 3495 lutes,
282 3426 315 3477 et
335 3416 419 3477 illud
448 3437 616 3500 precamur
645 3421 750 3478 Deum
775 3428 811 3478 ut
834 3422 983 3482 merearis
1007 3441 1099 3500 agere
1122 3420 1156 3478 in
1185 3417 1245 3478 ista

148 3499 213 3559 vita
239 3498 327 3581 qnod
354 3499 424 3558 Deo
455 3499 496 3559 sit
523 3499 769 3580 beneplacitum.
831 3505 1004 3563 Precamur
1029 3525 1084 3563 vos
1112 3502 1150 3560 de
1179 3500 1244 3559 illis

148 3581 261 3641 vestris
276 3579 560 3652 homunciuncnlis
577 3583 632 3662 qui
656 3583 688 3641 in
707 3593 810 3644 vestro
831 3586 1009 3644 lllinisterio
1032 3589 1243 3656 commanent,

147 3663 200 3723 rel
234 3664 272 3724 de
310 3662 426 3723 nostris
457 3663 558 3722 causis
590 3664 728 3725 invicem
760 3675 902 3725 nostrum
932 3666 1053 3725 bonum
1082 3676 1242 3728 certamen

147 3745 265 3806 exinde
298 3744 446 3821 mittatis,
473 3745 555 3804 sicut
582 3767 639 3806 nos
666 3747 705 3807 de
736 3758 837 3808 vestra
862 3749 991 3810 caritate
1024 3750 1106 3812 bene
1140 3747 1242 3806 corifi-

146 3827 261 3903 dimus,
283 3837 318 3886 ut
340 3827 384 3888 sic
417 3826 535 3887 exinde
561 3840 744 3907 perportare
766 3831 888 3893 faciatis
909 3853 1010 3914 usque
1034 3854 1092 3893 uos
1111 3829 1242 3892 insimul

144 3909 380 3992 coniungimus.
423 3909 510 3987 Quid
530 3909 649 3991 plura?

226 4041 389 4104 Indiculus
416 4063 505 4124 prtem
526 4040 700 4126 Episcopus
725 4046 910 4104 transmittit
932 4043 977 4105 ael
999 4044 1160 4106 Abbatem.

226 4159 327 4224 XXV,
370 4159 560 4218 Sanctorum
580 4159 700 4219 meritis
720 4159 898 4219 beatificato
918 4161 1044 4219 Domno
1070 4169 1166 4240 atque
1189 4181 1245 4240 pau

143 4241 203 4319 tri,
226 4240 353 4322 Deique
381 4241 518 4317 cultore,
552 4250 582 4300 et
610 4252 646 4300 ut
677 4243 866 4303 confidimus
895 4263 971 4304 vero
997 4241 1098 4302 amico
1133 4253 1240 4302 nostro
