2734 4990
515 327 732 380 asuuznuau
1116 312 1190 384 tra

72 473 175 537 Iesus
197 469 347 533 Christus
365 490 424 552 per
440 467 653 548 Evangelium
669 489 763 530 suum
785 467 955 529 adnuntiat
971 468 1099 534 dicens:
1120 471 1193 530 Nisi

75 558 154 636 quis
181 555 408 613 renuntiaverit
436 551 576 612 omnibus
599 572 677 634 quae
706 551 868 631 possidet,
897 573 967 612 ¹aon
996 564 1100 636 potest
1126 572 1192 613 esee

78 657 175 696 meus
207 635 383 716 discipulus.
423 633 466 694 Et
495 633 587 695 alibi:
621 634 685 716 Qui
714 633 877 714 reliquerit
900 646 1022 716 patrem
1049 647 1101 694 aut
1124 655 1193 694 mu-

82 732 184 789 trem,
199 717 318 797 fratres
341 727 393 774 aut
415 735 551 785 sorores,
576 715 686 774 domus
702 728 755 774 aut
777 735 882 792 agros,
906 729 936 776 et
958 729 1081 778 caetera
1097 737 1195 799 prop·

84 814 140 861 ter
156 820 265 862 aaaron
280 819 388 873 meum,
411 797 587 879 centaurium
608 797 752 878 accipiet,
776 811 806 855 et
829 799 920 858 vitam
949 811 1105 858 aeternam
1121 819 1194 882 pos-

87 882 216 946 sidebit.
255 879 396 940 Petimus
423 901 498 959 ergo
519 879 751 940 beatitudinem
772 877 908 940 caritatis
934 890 1055 942 vestrae
1078 891 1113 941 at
1135 901 1193 942 nos

43 963 48 972 ’
87 965 124 1024 in
147 964 256 1026 ordine
277 963 545 1043 Congregationis
563 971 684 1022 vestrae
707 961 884 1042 dignemini
909 962 1065 1042 recipere,
1087 974 1123 1024 ut
1137 961 1196 1021 ibi·

89 1048 165 1108 dem
180 1045 288 1106 diebus
310 1045 394 1104 vitae
419 1053 542 1104 nostrae
564 1043 624 1106 sub
645 1043 757 1122 regula
776 1043 861 1106 beati
890 1045 1056 1104 Benedicti
1083 1045 1193 1105 vivere

89 1137 121 1190 et
142 1147 330 1188 conversare
354 1127 548 1202 debeamus,
578 1135 738 1207 quatenus
760 1147 856 1186 suave
879 1126 986 1207 iugum
1021 1127 1140 1188 Christi
1165 1134 1196 1186 et

86 1232 170 1272 onus
192 1209 260 1268 eius
281 1209 353 1268 leve
376 1209 558 1272 sentiamus.
602 1207 702 1290 igitur
724 1219 830 1269 nostra
847 1209 910 1268 luit
934 1209 1047 1290 petitio
1066 1219 1097 1272 et
1121 1229 1197 1270 ves-

83 1302 132 1352 tra
156 1290 303 1352 decrevit
324 1291 473 1352 ¹voluntas
500 1290 532 1350 id
563 1289 667 1370 ipsum
696 1289 841 1372 implere.
883 1291 979 1368 Quod
1001 1291 1043 1350 ita
1065 1290 1196 1352 fecistis.

81 1373 362 1448 Abrenuntiamus
385 1395 459 1454 ergo
482 1373 630 1433 omnibus
652 1372 875 1434 voluntatibus
906 1373 1022 1434 nostris
1046 1372 1195 1455 propriu,

81 1467 121 1516 ut
145 1457 211 1517 Dei
234 1456 302 1516 sola
333 1456 479 1519 uoluntas
500 1455 553 1514 liat
580 1455 613 1514 in
639 1455 748 1531 uobis,
772 1463 803 1515 et
831 1455 978 1514 omuibus
998 1456 1094 1518 rebus
1117 1477 1196 1536 quas

79 1538 312 1620 possidemus,
344 1537 426 1598 sicut
451 1535 646 1618 Euangeliou
672 1547 704 1610 et
727 1537 885 1618 regularis
915 1537 1044 1597 traditio
1073 1537 1197 1599 edocet.

79 1620 177 1683 Nihil
202 1621 300 1680 rebus
324 1621 460 1680 terrenis
484 1620 602 1679 abbae
624 1619 676 1680 die
698 1641 896 1699 possessuros
918 1641 975 1678 nos
999 1621 1197 1700 spondimus,

82 1703 150 1764 nisi
177 1712 335 1783 quantum
363 1703 379 1762 b
405 1704 499 1763 Patre
522 1701 708 1762 blonasterii
739 1702 879 1762 donante
908 1709 962 1760 aut
991 1703 1197 1781 permittente

86 1786 243 1864 alimenta
264 1795 318 1844 aut
338 1792 520 1864 tegumenta
541 1783 683 1864 corporis
704 1784 931 1862 acceperimus.
972 1783 1199 1845 Obedientiam

88 1867 193 1941 vobis,
219 1867 250 1925 in
275 1874 431 1947 quantum
459 1866 544 1928 vires
568 1876 754 1947 suppetunt,
775 1865 933 1926 Dominus
952 1865 1079 1926 dederit
1104 1865 1196 1926 nobis

89 1949 300 2025 adiutorium,
323 1970 511 2010 conservare
534 1949 756 2029 promittimus.
798 1948 1010 2008 stabilitatem
1033 1969 1200 2008 conserva·

86 2030 190 2092 tionis
218 2035 344 2090 nostrae
367 2030 400 2090 in
420 2030 666 2112 congregatione
686 2041 789 2092 vestra
809 2040 887 2090 teste
908 2031 1059 2107 Domino,
1081 2031 1199 2092 devoto

89 2114 199 2174 animo
222 2131 295 2172 cum
319 2113 538 2174 observatione
565 2113 696 2193 regulae
720 2113 873 2193 usquein
900 2112 996 2172 finem
1014 2112 1201 2194 profitemur

90 2217 234 2270 servare,
254 2196 316 2256 nisi
336 2204 469 2272 tantum,
492 2196 568 2276 quia
587 2195 769 2275 ignoramus
788 2195 906 2266 futura,
930 2195 956 2254 ei
976 2197 1108 2255 fortasse
1128 2216 1202 2255 cau-

91 2301 125 2338 sa
154 2276 301 2338 utilitatis
332 2278 455 2340 animae
478 2277 608 2338 accedat
633 2286 668 2336 ut
690 2299 749 2358 per
772 2287 911 2336 vestrum
936 2276 1107 2338 comiatum
1133 2277 1200 2338 dis-

92 2361 256 2436 cedamus,
278 2371 328 2421 aut
354 2361 448 2420 etiam
465 2359 548 2419 illud
574 2359 598 2418 si
617 2372 728 2423 contra
754 2359 934 2420 voluntates
956 2369 1089 2438 nostras,
1111 2358 1201 2441 quod

92 2442 186 2518 absit,
208 2463 392 2523 separemur
417 2443 434 2500 a
456 2441 657 2523 principibus
679 2442 730 2500 vel
760 2443 777 2500 a
805 2441 962 2512 barbaris;
987 2451 1019 2501 et
1045 2442 1150 2524 ipsum
1173 2442 1201 2502 si

91 2525 195 2584 suerit
213 2526 351 2602 lactum,
374 2525 406 2584 in
434 2534 589 2606 quantum
609 2545 785 2604 possumus,
804 2545 929 2604 semper
951 2524 991 2584 ad
1011 2524 1110 2606 ipsam
1126 2547 1201 2585 con-

93 2606 315 2688 gregationem
333 2615 497 2667 revertere
520 2606 673 2667 faciamus
686 2651 695 2682 ,
719 2616 749 2666 et
770 2605 828 2665 sub
854 2617 964 2666 sancto
986 2607 1100 2666 ordine
1123 2626 1200 2690 per-

93 2709 287 2748 severemus.
328 2689 364 2747 ln
387 2689 514 2768 reliquo
534 2709 611 2748 vero
633 2710 691 2770 per
713 2688 839 2752 nuttam
864 2689 1029 2770 ingenium
1052 2689 1090 2750 de
1111 2709 1201 2771 prae·

94 2771 179 2830 dicta
203 2772 452 2852 congregatione
476 2780 578 2830 vestra
604 2769 656 2830 vel
688 2771 761 2850 iugo
789 2779 914 2830 sanctae
937 2772 1065 2852 regulae
1085 2794 1139 2831 seu
1159 2771 1199 2830 de

88 2861 245 2934 potestate
285 2853 487 2912 obedientiae
518 2863 641 2912 vestroe
686 2854 807 2910 nullam
839 2852 1008 2912 habeamus
1035 2853 1202 2914 licentiam

92 2955 150 2994 nos
173 2934 376 3007 abstrahendi
399 2945 454 2996 aut
481 2934 733 3000 contradicendi.
775 2935 871 3008 Quod
896 2934 921 2994 si
945 2934 1116 3014 instigante
1146 2957 1200 2992 an-

91 3017 185 3096 tiquo
213 3016 304 3076 hoste
326 3027 380 3078 aut
399 3019 562 3077 voluntate
591 3025 697 3079 nostra
722 3016 851 3095 propria
881 3015 944 3074 hoc
969 3017 1074 3076 facere
1100 3025 1201 3076 tenta-

92 3099 248 3174 verimus,
271 3100 304 3158 in
330 3099 556 3159 nutlis‘modis
577 3099 639 3160 boc
666 3098 829 3157 vindicare
855 3097 1028 3169 valeamus,
1051 3097 1104 3157 sed
1127 3097 1201 3156 ubi-

94 3201 224 3259 cunque
246 3203 303 3259 pos
326 3181 440 3242 Missus
464 3189 568 3241 vester
587 3191 641 3240 aut
659 3179 775 3260 aliquis
799 3199 838 3238 ex
862 3178 1109 3258 congregatione
1127 3200 1201 3240 ves-

93 3269 141 3320 tra
168 3263 352 3338 invenerit,
384 3264 479 3323 etiam
498 3263 589 3323 nobis
616 3262 818 3335 nolentibus,
843 3259 874 3319 in
903 3261 968 3340 ipsa
991 3270 1094 3320 vestra
1112 3281 1201 3322 sanc·

91 3353 123 3402 ta
150 3345 417 3426 congregatione,
451 3349 520 3404 Deo
542 3345 736 3419 auxiliante,
768 3365 825 3422 per
847 3342 1053 3422 vosmetipsos
1076 3343 1199 3404 faciatis

91 3447 246 3486 revocare
272 3436 303 3486 et
333 3427 517 3488 secundum
537 3428 681 3508 regulam
708 3426 826 3486 ibidem
855 3447 911 3485 nos
940 3425 1134 3503 diiudicare,
1164 3434 1200 3484 ut

93 3508 206 3567 diebus
232 3509 315 3567 vitae
347 3521 471 3569 nostrae
500 3508 558 3568 sub
586 3510 696 3569 divina
724 3508 835 3589 regula
860 3518 891 3567 et
917 3507 1072 3588 regimine
1095 3507 1199 3569 vestro

92 3611 354 3671 perseveremus,
380 3591 519 3672 qualiter
540 3593 573 3650 in
599 3593 651 3652 die
677 3590 789 3650 iudicii
815 3599 887 3648 ante
912 3590 1051 3650 tribunal
1075 3589 1199 3674 aeterni

93 3672 234 3748 Iudicis,
263 3673 331 3753 ipso
359 3675 554 3749 adiuvante,
581 3675 684 3734 salvos
716 3695 774 3734 nos
798 3683 1036 3754 repraesentare
1062 3673 1199 3754 possitis.

92 3753 136 3813 Et
157 3755 345 3834 quicunque
371 3765 482 3816 eontra
501 3755 587 3816 'hanc
611 3755 818 3838 petitionem,
841 3777 936 3835 quam
956 3777 1012 3816 nos
1036 3755 1120 3814 bona
1141 3777 1199 3815 vo-

94 3836 218 3900 luntate
237 3838 374 3898 scribere
397 3837 579 3918 rogavimus
601 3847 635 3898 et
650 3839 758 3898 subter
783 3837 987 3912 firmavimus,
1010 3859 1068 3917 per
1090 3859 1199 3918 quem·

92 3917 173 3978 libet
196 3920 324 3978 modum
353 3943 445 4002 agere
468 3930 523 3980 aut
542 3920 724 4001 infrangere
747 3919 900 3994 voluerit,
925 3920 957 3978 in
987 3920 1093 4000 primis
1120 3919 1198 3979 sciat

92 4021 125 4060 se
148 4001 251 4062 itDeo
278 4003 505 4080 damnandum,
528 4025 624 4084 quem
665 4003 777 4076 irritat,
807 4011 838 4060 et
865 4001 996 4081 insuper
1020 4003 1198 4062 seeundum

93 4083 283 4142 eanonicam
311 4085 547 4146 institutionem
574 4087 591 4144 is
618 4085 842 4145 communione
877 4083 1019 4142 omnium
1051 4085 1198 4144 Fratrum

92 4164 135 4224 sit
157 4175 328 4226 extraneus
351 4189 519 4250 usquequo
545 4168 584 4228 de
609 4167 669 4227 bac
695 4188 787 4226 eausa
811 4165 851 4224 ad
876 4187 982 4224 veram
1002 4167 1198 4227 emendatio-

94 4268 168 4308 nem
197 4249 369 4330 perveuiat.
420 4251 533 4311 Manus
561 4259 685 4316 nostrae
717 4247 949 4330 subscriptione
979 4249 1018 4309 ad
1043 4249 1198 4313 honorem
