2676 4976
490 209 772 264 auosasvausas
1121 194 1190 264 511

73 361 209 420 vocatur
229 351 411 436 Appennis,
432 349 648 432 praefatorum
669 348 835 410 seniorum
853 349 905 410 vel
930 348 1130 431 reliquorum
1151 352 1194 413 ci-

71 440 167 503 vium
191 457 307 498 eorum
322 433 478 496 manebus
496 432 660 493 roboratas
684 430 845 513 acciperet
864 431 1029 494 adfirmare
1051 435 1194 500 deberet.

72 520 168 603 quod
195 518 291 579 itaet
316 514 414 578 fecit:
451 515 494 575 ita
524 524 561 574 ut
587 513 651 573 duo
672 511 839 595 Appennis
864 515 1107 596 coaequalisex
1130 515 1193 578 hoc

75 603 257 664 affirmatus
287 598 439 680 accipiat,
467 618 590 672 unum,
621 617 718 677 quern
739 596 799 676 ipsi
824 597 909 678 apud
930 618 962 657 se
983 599 1139 668 retineat;
1162 609 1194 660 et

78 687 197 765 alium,
219 703 311 767 quem
338 681 372 739 in
395 681 466 740 foro
488 679 621 762 puplico
648 678 850 760 supenditur.
892 681 991 740 Facto
1012 681 1174 764 Appenni.

308 797 429 880 Incipit
447 797 566 856 noticia
590 795 636 855 ad
653 796 808 879 Appenno
820 793 971 877 firmare.

168 903 330 970 XXXIII.
350 980 352 984 .
373 905 456 965 Cum
479 925 539 986 per
564 925 658 964 caeca
686 902 862 984 cupiditate
889 923 948 984 per
977 901 1048 964 loca
1076 904 1195 965 orbana

84 979 210 1072 semper
237 987 338 1048 bostis
362 986 513 1068 antiquus
540 986 627 1045 bella
652 994 832 1066 consurget,
855 995 887 1045 et
914 986 1021 1046 solent
1048 986 1195 1048 homines

83 1071 198 1158 perfidi
228 1079 259 1130 et
278 1068 410 1151 pessimi
430 1091 490 1150 per
509 1069 611 1129 malus
636 1068 851 1128 intolerabilia
878 1069 959 1128 mala
987 1067 1108 1145 subire,
1130 1078 1197 1129 tam

85 1157 123 1216 ab
144 1152 299 1229 hostibus,
321 1173 419 1233 quam
441 1151 655 1229 latrunculus,
678 1169 737 1231 per
758 1151 836 1210 talas
857 1159 888 1210 et
909 1151 1099 1234 fortes‚·per
1120 1173 1196 1234 cap-

82 1249 165 1299 tores
194 1244 228 1295 et
263 1234 387 1315 rapacis
417 1254 608 1294 conmovere
643 1243 675 1294 et
709 1243 895 1292 conmutare
930 1233 1034 1314 gravis
1065 1235 1197 1295 damnus

82 1318 204 1381 aetatis.
247 1315 354 1398 Igitur
377 1337 440 1376 non
469 1325 517 1375 est
537 1315 757 1398 incognitum,
785 1315 927 1396 qualiter
950 1316 1059 1396 aliquo
1089 1316 1197 1376 bomi-

81 1423 134 1479 ne,
154 1419 275 1461 nomen
305 1399 382 1476 illo,
411 1397 553 1480 contegit
579 1398 680 1480 gravis
705 1398 913 1478 naufragius,
943 1399 1031 1478 quod
1059 1398 1093 1458 in
1117 1399 1198 1458 villa
1228 1437 1233 1453 .

80 1485 138 1549 illa
181 1502 252 1543 casa
283 1502 341 1542 sua
368 1501 426 1563 per
457 1490 549 1540 nocte
574 1480 637 1541 fuit
661 1479 794 1540 effracta
824 1490 860 1539 ut
890 1502 999 1540 omnes
1021 1481 1197 1562 praesidius

80 1588 168 1644 suos,
191 1583 319 1640 aurum,
341 1573 518 1645 argentum,
541 1572 776 1639 aeramentum,
798 1563 1050 1640 vestimentum,
1073 1563 1198 1624 utensi-

79 1651 137 1726 lia,
157 1645 309 1730 pecunia,
332 1667 389 1706 seu
414 1654 591 1706 strumenta
615 1644 1063 1727 cartarum⁴quamplurimas,
1086 1645 1198 1706 viudi-

81 1731 199 1806 cionis,
223 1727 390 1804 cautionis,
417 1727 580 1804 cessionis,
604 1727 797 1803 donationis,
822 1726 904 1800 dotis
929 1727 1198 1808 conposcionalis,

80 1813 197 1898 pactis,
219 1809 486 1887 conmutationes,
509 1809 754 1888 convenientiis,
775 1810 965 1887 securitatis,
987 1808 1198 1886 vacuaturias,

82 1895 229 1956 iudicius
259 1901 292 1952 et
324 1892 476 1968 notitias,
507 1915 564 1953 seu
594 1901 626 1952 et
653 1914 762 1952 omnes
785 1893 989 1968 solemnitas,
1017 1913 1077 1974 per
1102 1912 1199 1972 quem

83 1981 102 2039 is
127 1979 228 2058 longo
253 1983 394 2056 tempore
417 1996 518 2055 usque
544 1975 641 2034 modo
663 1995 715 2036 res
736 1996 806 2035 suas
829 1977 1023 2049 demanavit,
1050 1995 1107 2054 per
1128 1975 1197 2054 ipso

83 2063 175 2122 farte
207 2056 326 2117 exinde
354 2056 416 2116 fuit
445 2058 619 2138 deportata.
677 2057 818 2118 Proinde
852 2079 982 2118 necesse
1017 2057 1079 2116 suit
1105 2076 1199 2138 saepe

86 2143 176 2204 dicto
198 2139 264 2218 illo
285 2139 320 2198 iu
349 2147 530 2199 crastenum
556 2137 710 2200 maturius
738 2161 830 2200 mane
860 2139 960 2200 iudici
982 2139 1121 2221 pupleco
1149 2137 1201 2199 vi-

89 2225 174 2292 cinis
202 2221 287 2282 circa
316 2229 481 2280 manentes
516 2221 554 2281 ad
589 2222 658 2304 ipso
688 2222 760 2281 loco
793 2243 993 2284 convocare:
1024 2232 1055 2282 et
1080 2219 1200 2280 ibidem

92 2306 263 2368 venientes
290 2303 490 2366 invenerunt
510 2302 554 2364 sic
580 2312 664 2364 essct
695 2305 830 2382 factum,
860 2306 939 2366 seris
964 2304 1073 2366 incisis
1106 2303 1202 2364 ostias

95 2388 342 2469 concapolatas,
364 2396 469 2467 portas
499 2387 692 2466 perforatas,
723 2409 895 2448 conscensa
916 2409 972 2448 seu
997 2397 1029 2448 ct
1050 2387 1203 2447 universa

39 2535 42 2542 ,
93 2493 178 2554 quae
200 2491 296 2552 supra
317 2467 563 2529 memoravimus
589 2489 648 2550 per
668 2470 735 2552 ipso
761 2471 849 2530 furto
877 2469 1011 2551 perinde
1038 2479 1119 2532 esset
1145 2467 1203 2528 ab·

93 2561 221 2616 stracta.
262 2553 347 2610 Dum
371 2550 417 2610 sic
441 2551 535 2612 cessit
564 2547 715 2630 veraciis,
747 2563 783 2612 ut
810 2551 925 2614 melius
954 2553 1054 2634 possit
1084 2551 1203 2611 exinde

95 2647 246 2717 appenne
268 2632 302 2690 in
328 2631 463 2693 civetate
493 2633 626 2714 regione
658 2635 725 2717 ipse
754 2635 852 2715 ipsius
878 2655 1074 2718 prosequere
1098 2644 1130 2696 et
1151 2633 1204 2692 ad·

94 2719 234 2792 firmare,
255 2713 351 2796 peti'it
377 2715 417 2774 ad
438 2715 536 2794 ipsius
562 2715 686 2792 vicinus
715 2728 745 2778 et
763 2720 887 2794 iudice,
910 2719 966 2799 qui
989 2717 1022 2775 in
1046 2717 1111 2798 ipsa
1131 2737 1204 2776 cau·

94 2803 186 2860 tione
206 2798 349 2871 fuerunt,
364 2798 509 2872 manibus
528 2799 666 2880 propriis
690 2798 724 2857 in
750 2799 838 2860 hunc
861 2796 1066 2882 prospectum
1090 2798 1204 2858 notitia

93 2880 263 2945 relationis
285 2879 452 2940 adfirmare
476 2881 640 2944 deberent.
661 2882 749 2963 quod
773 2883 816 2943 ita
839 2891 873 2942 et
894 2883 1054 2946 feceruut.

436 2996 554 3079 Incipit
564 2981 594 3068 ¹(
598 2997 743 3068 libellus)
765 2996 861 3060 dotis.

180 3101 339 3167 XXXIV‘.
380 3101 510 3163 Annum
535 3105 607 3163 llll.
630 3124 766 3186 regnum
786 3101 920 3163 Domini
949 3101 1050 3163 nostri
1070 3100 1206 3162 Clrildc-

92 3185 189 3246 berto
208 3205 310 3266 reges.
353 3185 420 3266 Ego
440 3185 474 3244 in
499 3186 559 3245 Dei
589 3208 705 3246 nomen
728 3186 778 3245 illi
799 3186 903 3244 fateor
928 3206 978 3244 mc
1005 3185 1093 3244 huuc
1114 3184 1206 3244 libel-

94 3269 166 3328 lum
194 3269 269 3328 dote
295 3267 433 3326 scrihere
456 3268 625 3346 deberem,
659 3267 745 3348 quod
768 3268 813 3327 ita
839 3277 870 3326 et
891 3267 1042 3343 fecerim,
1068 3268 1107 3328 ad
1129 3267 1206 3328 dul-

95 3351 231 3410 cessima
252 3371 366 3428 sponsa
394 3371 481 3425 mea,
513 3371 630 3410 nomen
659 3351 730 3426 illa,
756 3371 814 3431 pro
839 3371 944 3410 amore
968 3349 1206 3411 dulcitudinem

91 3436 198 3508 suam,
215 3433 323 3498 emitto
339 3430 398 3491 tibi
418 3431 450 3490 in
464 3433 590 3492 cartola
613 3431 717 3491 libelli
736 3434 825 3495 dotes
841 3455 917 3494 ‘casa
934 3432 996 3492 iam
1013 3432 1096 3492 dicta
1110 3432 1208 3512 puel-

96 3515 128 3574 la
146 3535 262 3596 sponsa
277 3523 346 3574 inea
365 3513 550 3584 illahabiat‚
572 3515 681 3591 teniat,
702 3516 871 3596 possideat,
884 3515 979 3576 faciat
994 3516 1083 3596 quod
1098 3514 1209 3575 volue-

95 3596 151 3657 rit.
192 3597 235 3657 Et
257 3597 283 3656 si
305 3595 376 3676 quis
392 3617 490 3673 vero,
511 3606 565 3656 aut
580 3617 638 3678 ego
650 3597 721 3679 ipsi,
741 3599 793 3660 vel
809 3599 962 3681 quislibet
980 3598 1121 3680 opposita
1137 3616 1208 3678 per-

96 3699 187 3755 sona,
210 3677 266 3760 qui
288 3689 397 3739 contra
415 3679 477 3740 boc
490 3680 656 3740 voluntate
674 3702 776 3740 meam
792 3684 874 3744 facta
892 3694 946 3742 aut
966 3681 1112 3741 libellum
1133 3681 1208 3740 dote

94 3761 157 3821 ista
180 3761 361 3842 conscripta
387 3770 442 3820 aut
463 3782 555 3841 agere
577 3765 842 3846 praesumpserit,
869 3766 996 3825 soledus
1016 3773 1128 3822 tantus
1152 3782 1209 3821 co·

96 3852 188 3904 actus
212 3844 364 3928 exsolvat.
406 3845 495 3929 Etsi
521 3844 594 3926 quis
613 3880 756 3892 —-—
772 3869 838 3907 nou
862 3847 1005 3908 obtineat
1027 3846 1187 3933 effectum.

511 3952 636 4036 Incipit¹
651 3955 792 4036 epistola.
1040 4026 1043 4032 Ι

179 4055 249 4137 Ego
277 4055 363 4117 enim
388 4056 439 4116 illi
469 4058 572 4117 fateor
597 4079 646 4118 me
676 4057 759 4118 hanc
784 4056 918 4141 epistola
943 4059 1050 4120 facere
1069 4053 1209 4132 debere,

94 4137 188 4220 quod
210 4140 253 4198 ita
275 4148 306 4200 et
333 4139 407 4218 feci,
436 4140 476 4200 ad
497 4139 611 4222 cognie
641 4162 711 4201 mea
733 4140 789 4200 illa
813 4150 946 4225 propter
976 4159 1082 4202 amore
1109 4137 1210 4202 dulci·
