2676 4976
497 330 691 384 susnrrcsr.
1081 317 1152 390 535

118 463 121 474 '
139 464 208 528 Xll.
227 467 263 527 tt.
279 466 412 528 Sanctae
427 467 463 527 il.
475 466 638 528 Ecclesiae
652 469 765 529 Pastor
775 469 991 532 Dilectissimo
1005 484 1036 535 et
1051 472 1152 536 Sauc-

67 548 174 613 tlssimo
194 548 315 626 Fratri,
338 559 369 608 et
390 549 617 610 Consacerdoti
638 549 676 613 N.
704 552 893 612 Florentino
915 553 1093 636 Episcopo,
1114 557 1148 617 in

67 631 190 694 Domino
207 631 357 695 Salutem,
399 629 542 692 Charitas
554 640 658 692 vestra
671 632 752 694 scire
768 633 935 716 dignetur,
957 639 1045 716 qnod
1057 660 1151 720 prae-

68 738 134 778 sens
157 715 246 774 lrater
274 721 384 773 noster
408 712 622 774 mediocribus
654 715 738 795 apud
768 737 825 776 nos
853 717 1010 780 natalibus
1045 731 1151 797 ortus,

69 797 182 880 optimis
192 803 289 854 autem
308 794 451 854 moribus
473 805 504 855 et
516 796 612 880 sacris
633 795 747 856 litteris
765 797 905 880 apprime
926 799 1111 878 institutus,
1133 825 1152 861 a

69 881 192 964 quodam
204 887 335 958 cognato
351 898 409 937 suo
429 876 461 935 iu
480 886 615 938 uestram
632 878 820 941 Dioecesim·
833 881 944 943 venire
965 905 1151 964 persuasus,

68 959 221 1047 postularit
236 958 438 1040 dpusillitate
465 969 589 1037 nostra,
610 967 646 1019 ut
664 980 721 1042 pro
741 982 775 1024 se
797 962 918 1045 aliquid
938 965 978 1024 ad
1002 965 1152 1026 dulcedi-

69 1067 136 1104 nem
163 1041 290 1104 vestram
324 1041 464 1102 scribere
492 1063 694 1112 curaremus;
725 1043 816 1105 euius
841 1045 987 1126 petitioni
1008 1069 1153 1108 annuen-

68 1137 126 1201 tes,
146 1134 173 1186 et
191 1123 368 1206 paupertati
386 1123 592 1185 consulentes
614 1125 870 1187 commendamus
892 1148 964 1188 eum
982 1129 1152 1192 Sanctitati

68 1217 189 1283 vestrae,
210 1216 244 1267 ut
263 1204 351 1287 apud
376 1205 441 1269 ‚Vos
463 1205 560 1268 vitam
581 1207 721 1267 suumin
744 1209 892 1269 Diaconii
915 1211 1013 1291 gradu
1032 1213 1150 1274 ducere

66 1291 177 1359 debeat;
199 1309 372 1370 usquequo
395 1286 463 1348 eius
488 1289 728 1349 conversatione
749 1290 838 1352 robis
863 1301 894 1351 et
915 1294 1027 1356 vestris
1045 1293 1152 1375 agnitu

64 1381 91 1433 et
105 1372 226 1452 probata
236 1415 246 1448 ,
282 1370 319 1430 ad
348 1369 525 1429 Sacerdotii
551 1371 681 1452 gradum
705 1370 738 1429 in
764 1372 987 1454 Elemosynam
1015 1383 1151 1436 uestram

63 1452 227 1538 promoveri
248 1461 420 1511 meconion
461 1452 567 1514 Vitam
594 1453 663 1513 eius
682 1453 843 1534 priorem,
864 1457 934 1516 Deo
958 1467 1059 1530 teste,
1081 1456 1150 1518 sine

63 1539 126 1596 luco
144 1532 232 1596 vobis
251 1533 480 1595 intimavimus.
520 1534 649 1595 Amator
665 1539 733 1595 erat
754 1535 947 1596 ieiuniorum
966 1548 996 1598 et
1024 1539 1153 1620 vigilia-

62 1641 140 1694 rum,
159 1627 190 1678 et
211 1615 335 1676 idcirco
361 1615 510 1676 castitatis
529 1626 701 1696 perpetuus
726 1626 847 1694 custos,
870 1619 1013 1680 assiduus
1035 1621 1151 1680 Eccle-

61 1701 166 1761 siarum
182 1699 344 1773 visitator,
366 1706 398 1757 et
411 1696 571 1762 charitatis
593 1698 623 1757 iu
646 1702 751 1760 Deum
769 1709 801 1760 et
816 1701 998 1783 proximum
1016 1702 1153 1762 indefes·

61 1805 107 1844 sus
121 1791 283 1843 executor.
324 1780 416 1842 Vale.

132 1864 223 1924 xln.
244 1861 384 1922 Domino
406 1871 438 1923 et
454 1861 539 1941 Patri
561 1863 594 1926 S.
618 1861 801 1927 Visocensis
820 1864 983 1928 Ecclesiae
1002 1865 1152 1928 Pontifici

62 1949 92 2013 C.
106 1942 256 2027 indignus
269 1945 447 2026 Episcopus
467 1943 631 2010 Ecclesiae
647 1949 684 2013 C.
701 1970 719 2007 a
737 1949 807 2007 Deo
822 1949 854 2006 H
882 1957 913 2008 et
928 1951 970 2025 T,
993 1957 1024 2009 et
1042 1947 1079 2014 Α.
1093 1969 1153 2031 per

61 2027 314 2090 intercessionem
334 2025 419 2086 beati
438 2031 479 2088 11.
498 2049 529 2094 α,
559 2028 676 2110 gratiae
697 2038 730 2090 et
748 2029 983 2092 misericordiae
1001 2031 1152 2111 pacisque

62 2109 287 2171 abundantiam.
328 2108 511 2171 Sublimitas
530 2119 636 2172 vestra
654 2111 736 2172 scire
755 2112 922 2193 dignetur,
949 2112 1024 2194 qnia
1042 2112 1154 2172 Domi·

63 2216 114 2253 nus
131 2203 238 2252 noster
258 2193 296 2254 K.
315 2192 384 2252 Rex
409 2201 571 2273 comperto
594 2214 724 2254 recessu
747 2194 852 2253 fratris
873 2195 973 2256 nostri
996 2195 1033 2254 N.
1056 2197 1154 2255 Losa-

64 2273 174 2336 niensis
193 2273 358 2356 Episcopi,
381 2274 508 2335 cuidam
522 2275 649 2336 Clerico
671 2297 729 2338 suo
748 2275 889 2335 eamdem
903 2277 1011 2338 sedem
1028 2276 1153 2337 tradere

65 2355 219 2431 decrevit,
240 2375 379 2436 proquo
398 2355 476 2416 mihi
502 2357 684 2442 praecepit,
709 2367 742 2424 ut
761 2377 800 2418 cx
815 2357 990 2420 ministerio
1010 2379 1099 2434 meo,
1122 2364 1154 2418 et

65 2459 214 2500 consensu
238 2440 373 2497 fratrum
396 2447 577 2499 nostrorum
589 2485 599 2517 ,
621 2439 661 2500 ad
681 2440 886 2500 sanctitatem
907 2451 1044 2502 vestram
1066 2440 1155 2500 iuxta

66 2523 223 2581 Cancnum
242 2522 378 2580 Decreta
395 2519 613 2584 scriberemus.
656 2521 751 2599 Quod
775 2523 836 2582 Dei
857 2523 954 2604 gratia
973 2531 1153 2666 opportune

66 2603 208 2684 contigit;
237 2623 310 2661 nam
335 2604 464 2684 quando
487 2602 577 2666 nobis
603 2603 714 2663 eadem
736 2604 866 2664 Domini
891 2605 985 2687 Regis
1040 2604 1154 2685 pistcla

66 2693 253 2766 praesentata
274 2692 336 2758 est,
360 2705 560 2746 numerosam
585 2687 749 2768 Synodum
776 2687 943 2747 collectam
969 2687 1155 2762 habuimus,

67 2767 170 2848 quibus
191 2789 263 2827 cum
283 2766 381 2848 ipsam
402 2768 596 2829 breviculam
614 2769 676 2849 legi
701 2769 902 2846 fecissemus,
925 2769 1060 2829 maximo
1082 2779 1158 2829 sunt

68 2871 165 2910 omues
185 2848 300 2931 gaudio
318 2849 450 2930 repleti,
472 2850 559 2931 quod
577 2852 657 2910 tanti
686 2850 769 2930 apud
793 2851 884 2910 illum
910 2872 1017 2911 sumus
1039 2849 1156 2926 habiti,

68 2941 97 2990 ut
119 2954 157 2991 cx
176 2931 266 2991 nohis
287 2928 411 3011 aliquos
439 2954 559 2993 summo
586 2931 770 2993 Sacerdotio
794 2952 857 2990 non
886 2932 1080 2992 existimaret
1104 2932 1157 2990 in-

69 3013 180 3094 dignos.
222 3015 485 3075 Commendamus
505 3036 579 3095 crgo
592 3014 680 3074 hunc
694 3015 824 3071 fratrem
845 3022 1004 3090 nostrum,
1027 3013 1156 3074 nomine

68 3096 99 3154 b'.
112 3095 317 3178 Religiositati
337 3106 460 3156 vestrae
483 3095 564 3156 nihil
583 3105 672 3156 extra
696 3095 856 3169 dicentes,
878 3115 973 3175 quam
994 3094 1083 3175 quod
1101 3117 1158 3154 rc-

69 3198 131 3235 rum
150 3177 358 3259 comperimus
379 3178 552 3250 etlscimus.
572 3179 721 3258 Undique
746 3175 898 3236 nobiliter·
920 3178 1065 3257 genitus,
1087 3198 1157 3235 mo-

70 3258 171 3320 raliter
184 3260 358 3334 enutritus,
380 3260 558 3322 liberaliter
576 3261 769 3335 instructus,
791 3259 823 3316 in
839 3258 925 3318 omni
943 3260 1007 3318 vita
1018 3279 1073 3318 sua
1088 3259 1157 3318 sine

70 3343 190 3419 querela
212 3351 433 3421 conversatus,
455 3343 494 3403 ab
522 3341 733 3402 anterioribus
759 3340 836 3401 meis
860 3339 1159 3422 Archipresbyterar

71 3430 115 3481 tus
139 3423 313 3484 ministerio
344 3433 509 3508 suscepto,
532 3446 606 3484 cum
632 3423 719 3484 omni
748 3422 916 3504 diligentia
946 3422 1071 3506 plebem
1101 3422 1161 3482 sibi

72 3506 255 3566 commissam
279 3526 390 3588 regere
417 3507 555 3576 curarim
578 3505 941 3568 cunctorum'vitiornm
963 3527 1104 3581 osorem,
1128 3513 1160 3564 et

73 3587 203 3647 omnium
216 3587 372 3648 virtutum
390 3611 463 3649 eum
480 3588 626 3650 novimus
647 3598 839 3663 aimatorem,
862 3609 1038 3670 pauperum
1059 3598 1089 3646 et
1102 3609 1160 3669 pe·

73 3669 260 3750 regrinorum
286 3669 318 3729 in
338 3692 375 3731 eo
403 3671 637 3751 susceptionem
665 3681 697 3732 et
725 3670 871 3731 omnibus
896 3669 1159 3752 hospitalitatem

73 3750 142 3810 adeo
161 3749 265 3813 cuncti
291 3752 372 3813 scire
395 3763 427 3816 ct
444 3753 575 3815 laudare
600 3762 816 3830 consuerunt,
840 3763 874 3813 ut
893 3752 975 3814 haine
998 3754 1095 3834 ipsam
1115 3753 1161 3811 di-

75 3831 232 3911 gnitatem,
255 3855 350 3914 quam
372 3858 458 3896 nunc
473 3846 678 3916 suscepturus
701 3843 763 3911 est,
786 3857 849 3896 non
871 3857 930 3917 per
948 3836 1085 3915 aliquam
1100 3857 1162 3892 am·

74 3913 215 3976 bitionem
232 3926 262 3976 et
283 3917 567 3994 machinationem,
589 3919 655 3979 sive
678 3919 772 3978 etiam
795 3918 1086 3991 subintroductam,
1110 3925 1164 3975 aut

76 3996 289 4060 subimmissam
304 4022 492 4081 personam,
514 4001 570 4061 sed
585 4023 643 4082 per
664 4001 765 4060 solum
784 3999 1004 4080 hospitalitatis
1020 3998 1157 4073 bonum,

75 4077 135 4138 Deo
157 4081 344 4162 benignitati
367 4083 434 4144 eius
454 4083 557 4144 vicem
584 4082 759 4157 reddente,
781 4081 942 4140 meruerit.
984 4083 1061 4140 Nam
1089 4103 1161 4139 cum

76 4161 201 4233 quodam
216 4163 397 4246 intempore
413 4165 569 4226 Dominus
588 4173 695 4224 noster
716 4164 754 4226 K.
774 4162 878 4223 adhuc
898 4162 1090 4222 iuvenculas
1105 4184 1163 4244 per

78 4239 336 4327 dementissimum
356 4258 476 4311 aestum
498 4248 536 4312 ad
558 4255 746 4310 nocturnum
769 4244 970 4308 mansionem<
984 4245 1044 4306 sibi
1069 4266 1162 4327 prac-
