2684 4990
194 1123 608 1265 uiuentes
678 1147 1086 1258 asnensis

76 1409 77 1412 κ
127 1365 194 1430 nn
242 1355 533 1430 nrrscoros
584 1361 842 1452 Quosuan
888 1317 1153 1460 suaseras

263 1513 495 1584 EPISTOLd
528 1511 584 1566 DE
621 1511 788 1566 ORDINE
825 1512 1019 1567 PALATII.

504 1651 775 1668 ...ιι-..-

206 1735 619 1887 nrucuaaus
670 1793 1060 1891 spiscopus
1136 1823 1141 1828 ·

349 1977 398 2030 AC
425 1977 582 2032 PLEBIS
614 1977 688 2029 DEI
716 1976 937 2031 Functus.

155 2196 179 2247 Ι.
199 2148 265 2248 Pro
284 2195 380 2248 aetatis
400 2203 427 2248 et
444 2192 640 2265 semicremis
662 2192 851 2264 antiquitate,
877 2193 1039 2264 posteriores
1066 2199 1198 2263 tempore,

88 2264 153 2318 boni
173 2273 200 2316 et
219 2266 353 2336 sapientes
372 2267 439 2329 viri,
458 2264 555 2330 rogatis
574 2263 747 2329 exiguitatem
766 2282 871 2326 meam,
899 2273 930 2315 ut
950 2266 997 2333 qui
1015 2263 1129 2328 negotiis
1148 2263 1200 2314 Ec-

74 2335 247 2387 ’clesiasticis
267 2344 294 2386 et
311 2336 455 2395 Palatinis,
476 2333 585 2403 quando
602 2333 631 2383 in
649 2335 844 2403 amplitudine,
865 2343 891 2386 et
909 2335 1015 2386 unitate
1033 2334 1106 2398 regni
1124 2350 1201 2402 pros-

89 2423 153 2476 pere
185 2405 352 2470 agebantur,
376 2405 502 2465 interfui‚
531 2400 559 2454 e't
587 2405 717 2466 consilia,
746 2404 951 2474 doctrinamque
982 2405 1110 2464 illorum,
1150 2403 1199 2471 qui

89 2483 208 2526 sanctam
228 2475 423 2527 Ecclesiam'in
449 2473 593 2526 sanctitate
611 2483 639 2525 et
661 2473 765 2526 iustitia
790 2485 935 2534 rexerunt,
963 2475 1011 2526 sed
1027 2482 1070 2534 et
1094 2490 1196 2536 eorum,

90 2546 136 2614 qui
154 2545 327 2598 soliditatem.
340 2547 413 2610 regni
436 2554 557 2614 ternpore
575 2544 711 2612 superiore
739 2546 889 2615 prosperius
915 2544 1121 2614 disposuerunt,
1151 2559 1200 2592 au-

91 2613 145 2666 divi
154 2636 164 2680 ‚·
191 2633 305 2684 quorum
329 2615 480 2682 magisterio
505 2613 690 2666 traditionem
716 2613 846 2666 maiorum
871 2623 991 2666 suorum*
1012 2614 1111 2665 didici:
1137 2619 1200 2682 post

17 2716 21 2724 ·
89 2684 193 2736 obitum
212 2685 292 2736 etiarn
312 2686 420 2737 Domini
440 2685 609 2738 Hunuunvrcr
630 2685 798 2751 Imperatoris
817 2686 845 2735 in
865 2700 955 2735 eorum
977 2683 1126 2752 obsequio,
1151 2681 1199 2752 qui

87 2773 135 2824 pro
153 2755 269 2804 filiorum
288 2755 345 2805 eius
363 2764 429 2806 tunc
447 2753 574 2820 temporis
590 2755 689 2818 llegum
704 2764 855 2805 nostrorum
871 2751 1016 2806 concordia
1032 2761 1197 2815 sategerunt,

88 2842 136 2895 pro
154 2824 266 2875 modulo
285 2841 344 2874 meo
364 2823 551 2892 frequentibus
569 2821 731 2884 itineribus,
751 2822 858 2885 verbis,
886 2833 914 2874 et
932 2823 1037 2892 scriptis
1065 2820 1197 2886 laboravi,

91 2895 125 2944 ad
142 2893 344 2944 institutionem
361 2893 437 2943 istius
455 2891 559 2942 iuvenis
578 2900 605 2941 et
624 2892 745 2942 moderni
761 2892 836 2957 Regis
854 2891 957 2955 nostri,
986 2901 1013 2944 et
1032 2891 1067 2942 sd
1092 2907 1199 2943 reerec-

87 2964 190 3016 tionem
209 2961 318 3012 honoris
337 2970 364 3014 et
383 2961 456 3030 pacis
480 2959 636 3022 Ecclesiae,
664 2977 694 3012 ac
721 2963 794 3026 regni
821 2962 942 3012 ordinem
970 2961 1197 3022 ecclesiasticum,

90 3041 117 3084 et
134 3031 336 3100 dispositionem
356 3031 450 3082 domus
468 3029 555 3094 regiae
573 3029 600 3079 in
618 3048 693 3082 sacro
719 3032 840 3102 palatio,
871 3025 942 3083 sicut
968 3030 1059 3082 audivi
1078 3039 1106 3082 et
1131 3031 1198 3093 vidi,

89 3103 285 3164 demonstrem,
315 3109 449 3169 quatenus
468 3099 495 3150 in
514 3098 636 3151 novitate
655 3119 702 3151 sua
718 3103 753 3154 'ea
778 3101 901 3152 doctrina
928 3099 1084 3163 imbuatur,
1111 3109 1144 3152 ut
1166 3101 1197 3151 in

89 3168 217 3234 regimine
236 3169 308 3236 regni
326 3173 384 3222 Deo
402 3171 527 3240 placere,
556 3179 583 3220 et
609 3171 636 3220 in
656 3171 708 3223 boc
727 3173 837 3224 saeculo
872 3170 990 3223 feliciter
1015 3187 1142 3234 regnare,
1171 3179 1199 3224 et

89 3239 123 3290 de
140 3241 258 3309 presenti
276 3257 356 3306 regno
375 3241 409 3292 ad
428 3249 568 3292 aeternum·
583 3241 675 3292 valeat
691 3243 839 3310 pervenire.
880 3243 1071 3311 Experimento
1096 3241 1198 3311 quippe

88 3309 291 3374 cognoscimus,
316 3311 380 3378 quia
397 3329 443 3364 vas
461 3327 578 3372 novum,
608 3327 663 3379 quo
687 3313 760 3380 prius
787 3327 880 3381 sapore
899 3322 927 3363 et
951 3311 1036 3362 odore
1061 3309 1199 3363 imbutum

88 3378 184 3436 fuerit,
203 3379 275 3430 illud
293 3379 323 3430 in
341 3391 477 3448 posterum
497 3380 543 3430 diu
562 3379 707 3444 retinebit,
727 3381 799 3433 sicut
816 3392 843 3434 et
862 3381 973 3449 quidam
992 3380 1097 3446 sapiens
1116 3379 1197 3433 dicit:

89 3453 148 3515 Quo
166 3449 248 3500 semel
272 3463 313 3502 est
334 3451 438 3501 imbuto
456 3468 551 3502 recens
567 3451 688 3502 servabit
707 3449 818 3502 odorem
835 3463 906 3503 testo
926 3449 982 3502 diu.
1016 3450 1050 3502 Et
1068 3449 1194 3515 legimus,

88 3519 223 3589 quomodo
243 3520 395 3572 Alexander
411 3520 440 3569 in
459 3518 575 3590 pueritia
592 3535 641 3570 sua
658 3519 758 3574 habuit
774 3521 896 3572 baiulum
913 3515 1197 3583 nornine‘teonidem,

88 3590 176 3641 citatis
194 3589 329 3652 moribus,
350 3599 378 3643 et
396 3589 575 3660 incomposito
592 3590 700 3642 incessu
718 3591 887 3653 notabilem,
916 3608 987 3663 quae
1005 3607 1089 3660 puer,
1119 3591 1197 3660 quasi

86 3659 130 3710 lac
149 3659 332 3712 adulterinum
352 3677 465 3726 sugens,
492 3659 526 3710 ab
545 3654 577 3711 eb
597 3661 717 3730 sumpsit.
755 3662 833 3714 Unde
860 3662 888 3714 in
920 3662 1014 3714 adulta
1040 3670 1131 3720 aetate
1156 3679 1200 3713 sa·

105 3728 161 3780 lens
181 3736 208 3780 et
225 3747 272 3780 rex
289 3730 365 3782 fortis
382 3748 410 3781 se
428 3731 514 3798 ipsum
532 3728 764 3798 reprehendebat,
784 3731 915 3787 essitare
933 3731 1057 3785 volebat:
1080 3731 1138 3793 sed,
1162 3737 1195 3784 u't

85 3746 203 3864 iegitur,
222 3801 393 3860 cumomnia
408 3816 489 3866 regna
505 3799 610 3864 vicerit,
629 3799 659 3852 in
675 3799 730 3855 hoc
747 3817 776 3854 se
789 3805 877 3874 ipsum
894 3801 1004 3857 vincere
1021 3819 1078 3852 non
1094 3803 1197 3872 potuit,

171 3899 207 3953 11.
244 3901 410 3956 lusnnnnots
427 3899 509 3968 igitur
525 3898 659 3954 Dominus
679 3903 755 3966 Res,
774 3903 810 3958 ad
828 3905 904 3975 quod
922 3903 1041 3958 officium
1069 3911 1109 3955 est
1134 3920 1198 3973 pro·

85 3978 196 4033 rectus,
218 3981 247 4024 et
265 3971 397 4024 obaudiat
416 3970 653 4024 summonitionem
673 3979 758 4043 atque
783 3975 1022 4028 comminationem
1049 3972 1127 4038 Regis
1145 3977 1197 4026 lle·

86 4055 146 4105 gum
165 4041 280 4093 dicentis
298 4042 323 4092 ei
341 4058 403 4092 curn
421 4041 481 4093 aliis
499 4040 620 4106 regibus:
638 4043 678 4094 Et
695 4061 770 4096 nunc
787 4061 884 4113 reges,
903 4045 1012 4116 inquit,
1029 4043 1195 4114 intellegite,

86 4106 254 4170 erudimini,
274 4111 323 4179 qui
333 4109 466 4164 iudicatis
484 4123 595 4164 terram.
632 4113 741 4166 Servite
752 4113 872 4178 Domino
890 4115 922 4166 in
940 4118 1057 4171 timore.-
1076 4126 1103 4168 et
1117 4114 1197 4171 exul-

86 4191 143 4229 tate
161 4180 188 4228 ei
205 4196 264 4231 cum
281 4192 407 4232 tremore.
442 4180 643 4250 Apprelrendr'te
660 4179 856 4250 disciplinam,
876 4201 910 4238 ne
929 4181 1043 4258 quando
1054 4187 1197 4238 irascatur
1335 4215 1336 4218 =

85 4248 239 4314 Dominus,
265 4260 293 4310 et
308 4248 431 4328 pereatis
451 4249 483 4308 de
502 4252 553 4312 uio
570 4251 662 4311 turm:
687 4251 760 4327 sicut
780 4253 882 4314 multos
909 4255 982 4316 lianc
1006 4253 1195 4314 commonitio-
1335 4271 1336 4326 ξ

856 4353 861 4376 ,
1335 4357 1336 4368 ,
