2734 4990
180 285 253 360 484
683 299 874 358 cornutas

180 449 238 511 sub
266 444 453 508 defensione
476 461 512 501 ac
540 439 695 522 regimine
722 452 844 504 vestrae
871 460 960 504 carae
980 440 1163 506 dilectionis
1182 455 1283 524 acge-

178 553 213 593 re
236 531 342 606 liceat,
364 533 395 586 et
413 531 449 585 ut
468 544 552 598 eum,
579 524 603 584 si
630 544 753 586 morum
776 523 915 606 probitas
936 531 968 584 et
993 525 1158 590 doctrinae
1177 525 1287 606 digni·

177 623 223 674 tas
254 608 404 691 suppetit,
426 605 467 666 ud
492 605 724 668 ecclesiasticos
745 606 874 674 ordines
902 607 1117 687 promoveatis
1139 606 1286 670 fideliter

178 694 362 768 annuimus,
383 699 415 752 et
441 688 474 746 in
497 688 571 748 sinu
590 697 716 750 sanctae
737 689 843 750 matris
867 688 1032 752 Ecclesiae
1054 689 1213 752 canonice
1231 689 1285 748 fo-

176 776 319 838 vendum
346 795 382 834 ac
404 769 579 852 regendum
610 769 846 832 committimus.
887 769 977 830 Hanc
1008 793 1083 854 ergo
1112 771 1285 853 epistolam

177 858 307 922 Graecis
335 854 450 918 litteris
472 851 550 912 binc
573 851 648 912 inde
667 851 794 913 munire
814 852 1024 930 decrevimus,
1046 862 1079 914 et
1097 854 1199 913 anulo
1222 852 1288 912 Ec-

176 940 292 1004 clesiae
320 947 444 998 nostrae
465 934 589 994 bullare
613 933 783 999 censimus.
823 932 970 997 Christus
994 938 1162 999 Pastorum
1179 933 1288 997 Prin.

176 1045 250 1102 ceps
287 1017 517 1082 fraternitatem
548 1025 683 1086 vestram
718 1016 759 1076 ad
791 1015 967 1080 custodiam
997 1019 1046 1080 sui
1083 1017 1188 1101 gregis
1224 1016 1288 1080 din

176 1105 267 1168 nobis
288 1109 458 1165 conservet
477 1097 674 1164 incolumen.
715 1096 829 1164 Amen.

533 1229 710 1314 Exemplar
736 1231 899 1294 libertatis.

255 1349 368 1416 XLlll.
410 1345 590 1409 Auctoritas
615 1343 830 1406 ecclesiastica
853 1355 1003 1429 patenter
1022 1355 1203 1424 ammonet,
1228 1344 1283 1406 iu·

171 1454 269 1518 snper
291 1441 324 1494 et
349 1428 495 1490 maiestas
516 1427 603 1508 regia
625 1425 799 1488 catholicae
826 1427 978 1511 religioni
1000 1449 1165 1490 assensum
1186 1449 1285 1510 praeh

172 1521 237 1594 bet,
259 1525 296 1576 ut
314 1527 542 1596 quemcunque
570 1509 610 1569 ud
637 1529 742 1570 sacros
772 1509 904 1573 ordines
926 1531 966 1572 ex
995 1510 1116 1572 familia
1147 1510 1283 1594 propria

173 1617 362 1686 promovere
383 1591 529 1656 Ecclesia
555 1611 703 1673 quaeque
729 1591 885 1674 delegerit
905 1592 939 1652 in
961 1590 1142 1675 praeseutia
1168 1593 1286 1652 Sacer·

172 1686 293 1756 dotum,
316 1676 552 1739 canonicorum
572 1671 666 1734 simul
697 1683 730 1733 et
748 1674 906 1736 nobilium
929 1674 1112 1752 laicorum,
1134 1674 1207 1736 eius
1226 1672 1282 1734 cui

171 1764 333 1828 subiectus
348 1767 402 1822 est
425 1753 657 1835 subscriptione
680 1756 733 1816 vel
758 1755 1030 1836 manuscriptioue
1053 1758 1112 1823 sub
1139 1756 1283 1816 liberta·

171 1849 211 1910 tis
226 1850 415 1908 testamento
435 1835 622 1900 solemniter
637 1835 816 1898 roboretur.
856 1838 983 1900 ldcirco
1005 1860 1064 1922 ego
1083 1838 1283 1914 Adveutius,

171 1935 334 1991 anunente
365 1920 510 1996 Christo,
532 1926 658 1980 sanctae
689 1918 854 1984 Mettensis
883 1920 1047 1982 Ecclesiae
1080 1921 1281 2002 Episcopus,

193 2011 332 2072 cendam
359 2001 522 2066 Ecclesiae
550 2009 676 2061 nostrae
699 2001 853 2060 famulum
878 2022 993 2064 nomeu
1022 2002 1070 2063 ill.
1091 2002 1188 2064 sacris
1221 2023 1280 2062 or-

169 2035 299 2156 dinibus
320 2087 461 2148 oblatum
478 2081 586 2145 altaris
607 2102 709 2143 corun
725 2083 881 2144 nobilium
901 2087 1044 2146 virorum
1065 2085 1099 2145 in
1117 2103 1281 2167 praeseu-

170 2177 213 2236 tia
239 2193 299 2255 per
315 2171 378 2232 hoc
403 2164 601 2228 auctoritatis
632 2172 857 2227 testamcutum
884 2175 998 2244 statuo,
1026 2166 1070 2227 ita
1091 2176 1127 2228 ut
1148 2165 1187 2228 ab
1212 2165 1281 2224 ho-

171 2258 286 2318 dierno
309 2251 363 2314 die
385 2259 418 2312 et
437 2258 580 2330 tempore
602 2246 686 2308 hene
713 2247 872 2329 ingenuus
900 2257 997 2330 atque
1026 2248 1065 2308 ab
1091 2248 1180 2310 omni
1210 2267 1281 2308 ser·

171 2335 281 2396 vitatis
306 2330 440 2394 vinculo
461 2350 592 2391 securus
613 2338 814 2410 permaneat,
835 2339 988 2413 tanquam
1009 2330 1036 2391 si
1059 2330 1100 2391 ab
1119 2329 1280 2412 ingenuis

168 2419 283 2480 fuisset
303 2411 489 2497 parentibus
508 2420 692 2493 procreatus
711 2411 766 2472 vel
796 2421 905 2490 natus,
937 2413 1137 2495 eandemque
1159 2418 1283 2494 pergat

109 2504 112 2512 '
169 2507 293 2583 partem
315 2513 542 2577 quamcunque
563 2492 675 2553 voleus
702 2493 856 2557 canonice
878 2493 1030 2577 elegerit,
1054 2496 1097 2554 ita
1123 2503 1161 2554 nt
1181 2493 1282 2554 dein·

171 2602 247 2662 ceps
275 2599 335 2638 uec
364 2575 455 2636 nobis
484 2595 588 2654 neque
615 2575 850 2638 successoribus
879 2575 995 2638 uostris
1019 2578 1124 2638 ullum
1157 2575 1283 2636 debeat

171 2662 287 2725 noxiae
319 2655 515 2720 conditionis
541 2655 716 2723 servitium,
771 2657 835 2719 Sed
865 2658 1012 2721 omuibus
1044 2659 1157 2721 diebus
1188 2658 1283 2719 vitae

170 2765 247 2810 suae
268 2744 326 2804 sub
342 2749 428 2802 certa
441 2736 690 2833 plenissimaque
706 2738 918 2821 ingenuitate,
937 2741 1022 2804 sicut
1035 2741 1090 2802 alii
1105 2740 1193 2803 cives
1210 2741 1283 2800 Ro·

172 2824 278 2902 mani,
308 2845 366 2907 per
391 2820 481 2881 buno
507 2819 762 2882 manumissionis
784 2831 879 2903 atque
906 2822 1115 2918 ingenuitatis
1141 2821 1283 2882 titulum

170 2911 255 2972 beue
288 2923 412 2988 semper
437 2903 598 2984 ingenuus
625 2912 719 2982 atque
749 2922 880 2963 securus
903 2913 1026 2966 existat.
1068 2906 1171 2966 Suum
1195 2924 1283 2964 vero

170 2988 336 3074 peculiare
364 2987 451 3068 quod
476 2983 608 3061 babet,
630 2993 686 3043 aut
711 2984 800 3064 quod
829 2981 946 3045 abhinc
977 2985 1104 3068 assequi
1132 2985 1282 3067 poterit,

170 3073 267 3136 faciat
287 3069 363 3131 inde
387 3067 564 3128 secundum
595 3064 781 3126 canonicam
802 3068 1024 3130 auctoritatem
1045 3068 1149 3128 libere
1179 3065 1283 3146 quic-

171 3154 252 3238 quid
273 3149 421 3214 voluerit.
462 3149 504 3208 Et
524 3156 560 3206 ut
582 3145 661 3208 haec
689 3145 895 3228 ingenuitatis
915 3149 1032 3232 pagina
1049 3148 1284 3210 inviolabilem

171 3235 317 3299 obtineat
341 3231 533 3306 firmitatem,
554 3249 651 3288 mann
674 3227 804 3310 propria
823 3230 914 3290 illam
936 3231 1168 3297 roboravimus.

519 3412 538 3480 1
587 3410 612 3479 S
661 3405 697 3478 O
747 3407 783 3478 N
830 3407 849 3478 1
898 3411 923 3480 S
995 3399 1002 3404 ’

212 3538 461 3622 incusem
498 3532 882 3598 sansanueusrs
917 3537 1208 3604 ronunusn.

489 3681 632 3744 Traditio
653 3682 698 3742 ad
717 3684 953 3751 ΙιῙοιιιιιιενὶιιηι.1

252 3801 365 3865 XLIV.
404 3799 550 3860 Humano
579 3817 697 3878 genere
731 3808 935 3878 peccatorum
967 3801 1101 3884 maculis
1128 3804 1279 3865 sauciato

170 3898 266 3970 atque
297 3883 338 3945 ob
362 3882 488 3963 culpam
514 3877 751 3940 inobedientiae
774 3881 792 3939 d
820 3881 963 3942 Paradiai
984 3883 1109 3966 gaudiis
1133 3883 1281 3963 deiecto,

170 3971 257 4032 inter
284 3977 391 4030 cetera
414 3959 617 4024 curationum
643 3961 875 4022 medicamenta
901 3963 997 4024 etiam
1025 3975 1057 4025 et
1090 3963 1154 4027 hoc
1181 3970 1279 4030 Dens

168 4049 291 4112 mundo
308 4046 488 4111 remedium
513 4042 652 4104 eontulit
677 4052 715 4101 ut
733 4043 869 4125 propriis
891 4044 1015 4108 divitiis
1034 4045 1183 4109 homines
1199 4072 1283 4112 snas

169 4132 291 4194 animas
311 4130 350 4190 ab
375 4127 497 4188 inferni
524 4124 650 4186 tartaris
674 4124 832 4186 redimere
859 4126 1061 4206 potuissent,
1092 4129 1192 4192 sieut
1214 4149 1281 4214 per

168 4214 374 4280 Salomonem
398 4208 535 4275 dicitur.·
565 4203 730 4290 Redempti
750 4205 871 4270 animae
894 4207 960 4270 viri
968 4253 980 4284 ,
1004 4213 1157 4296 propriae
1182 4211 1279 4276 divi·-
