<?xml version="1.0" encoding="UTF-8"?>
<!DOCTYPE html PUBLIC "-//W3C//DTD XHTML 1.0 Transitional//EN"
    "http://www.w3.org/TR/xhtml1/DTD/xhtml1-transitional.dtd">
<html xmlns="http://www.w3.org/1999/xhtml" xml:lang="en" lang="en">
 <head>
  <title>
</title>
<meta http-equiv="Content-Type" content="text/html;charset=utf-8" />
  <meta name='ocr-system' content='tesseract 3.04.00' />
  <meta name='ocr-capabilities' content='ocr_page ocr_carea ocr_par ocr_line ocrx_word'/>
</head>
<body>
  <div class='ocr_page' id='page_1' title='image "./corpusiurisgerm03visigoog_0056.png"; bbox 0 0 2734 4990; ppageno 0'>
   <div class='ocr_carea' id='block_1_1' title="bbox 497 295 1199 376">
    <p class='ocr_par' dir='ltr' id='par_1_1' title="bbox 497 295 1199 376">
     <span class='ocr_line' id='line_1_1' title="bbox 497 295 1199 376; baseline 0 -8"><span class='ocrx_word' id='word_1_1' title='bbox 497 316 764 370; x_wconf 76' lang='lat' dir='ltr'><strong>ninnennsoou.</strong></span> <span class='ocrx_word' id='word_1_2' title='bbox 1124 295 1199 376; x_wconf 68' lang='lat' dir='ltr'><strong>tte</strong></span> 
     </span>
    </p>
   </div>
   <div class='ocr_carea' id='block_1_2' title="bbox 554 457 731 520">
    <p class='ocr_par' dir='ltr' id='par_1_2' title="bbox 554 457 731 520">
     <span class='ocr_line' id='line_1_2' title="bbox 554 457 731 520; baseline -0.028 -1"><span class='ocrx_word' id='word_1_3' title='bbox 554 459 634 519; x_wconf 80' lang='lat' dir='ltr'><strong>Item</strong></span> <span class='ocrx_word' id='word_1_4' title='bbox 658 457 731 520; x_wconf 75' lang='lat' dir='ltr'><strong>alia.</strong></span> 
     </span>
    </p>
   </div>
   <div class='ocr_carea' id='block_1_3' title="bbox 89 559 1200 979">
    <p class='ocr_par' dir='ltr' id='par_1_3' title="bbox 89 559 1200 979">
     <span class='ocr_line' id='line_1_3' title="bbox 179 559 1198 632; baseline -0.014 1"><span class='ocrx_word' id='word_1_5' title='bbox 179 563 324 632; x_wconf 84' lang='lat' dir='ltr'>CXLIII.</span> <span class='ocrx_word' id='word_1_6' title='bbox 363 561 504 622; x_wconf 89' lang='lat' dir='ltr'><strong>Domino</strong></span> <span class='ocrx_word' id='word_1_7' title='bbox 524 583 583 622; x_wconf 90' lang='lat' dir='ltr'><strong>suo</strong></span> <span class='ocrx_word' id='word_1_8' title='bbox 602 559 663 620; x_wconf 88' lang='lat' dir='ltr'><strong>illi.</strong></span> <span class='ocrx_word' id='word_1_9' title='bbox 705 563 837 621; x_wconf 76' lang='lat' dir='ltr'><strong>Constat</strong></span> <span class='ocrx_word' id='word_1_10' title='bbox 860 581 910 623; x_wconf 88' lang='lat' dir='ltr'><strong>me</strong></span> <span class='ocrx_word' id='word_1_11' title='bbox 938 564 956 622; x_wconf 73' lang='lat' dir='ltr'><strong>d</strong></span> <span class='ocrx_word' id='word_1_12' title='bbox 988 565 1079 627; x_wconf 76' lang='lat' dir='ltr'><strong>robis</strong></span> <span class='ocrx_word' id='word_1_13' title='bbox 1104 587 1198 631; x_wconf 60' lang='lat' dir='ltr'><strong>ecee.</strong></span> 
     </span>
     <span class='ocr_line' id='line_1_4' title="bbox 89 643 1199 734; baseline -0.001 -21"><span class='ocrx_word' id='word_1_14' title='bbox 89 654 195 734; x_wconf 86' lang='lat' dir='ltr'><strong>pisse,</strong></span> <span class='ocrx_word' id='word_1_15' title='bbox 221 660 252 710; x_wconf 91' lang='lat' dir='ltr'><strong>et</strong></span> <span class='ocrx_word' id='word_1_16' title='bbox 275 647 393 728; x_wconf 85' lang='lat' dir='ltr'><strong>accepi,</strong></span> <span class='ocrx_word' id='word_1_17' title='bbox 421 645 539 706; x_wconf 85' lang='lat' dir='ltr'><strong>debere</strong></span> <span class='ocrx_word' id='word_1_18' title='bbox 566 653 598 704; x_wconf 88' lang='lat' dir='ltr'><strong>et</strong></span> <span class='ocrx_word' id='word_1_19' title='bbox 621 643 741 719; x_wconf 84' lang='lat' dir='ltr'><strong>debeo,</strong></span> <span class='ocrx_word' id='word_1_20' title='bbox 771 643 833 703; x_wconf 88' lang='lat' dir='ltr'><strong>hoe</strong></span> <span class='ocrx_word' id='word_1_21' title='bbox 854 655 917 720; x_wconf 90' lang='lat' dir='ltr'><strong>est,</strong></span> <span class='ocrx_word' id='word_1_22' title='bbox 943 646 1062 710; x_wconf 83' lang='lat' dir='ltr'><strong>solidos</strong></span> <span class='ocrx_word' id='word_1_23' title='bbox 1084 657 1199 718; x_wconf 77' lang='lat' dir='ltr'><strong>tantos.</strong></span> 
     </span>
     <span class='ocr_line' id='line_1_5' title="bbox 92 725 1199 815; baseline -0.01 -17"><span class='ocrx_word' id='word_1_24' title='bbox 92 741 163 799; x_wconf 90' lang='lat' dir='ltr'><strong>Pro</strong></span> <span class='ocrx_word' id='word_1_25' title='bbox 184 733 297 815; x_wconf 88' lang='lat' dir='ltr'><strong>quihus</strong></span> <span class='ocrx_word' id='word_1_26' title='bbox 315 729 425 791; x_wconf 80' lang='lat' dir='ltr'><strong>solrdis</strong></span> <span class='ocrx_word' id='word_1_27' title='bbox 446 727 591 809; x_wconf 78' lang='lat' dir='ltr'><strong>spondeo</strong></span> <span class='ocrx_word' id='word_1_28' title='bbox 612 746 679 801; x_wconf 90' lang='lat' dir='ltr'><strong>me,</strong></span> <span class='ocrx_word' id='word_1_29' title='bbox 716 725 862 808; x_wconf 84' lang='lat' dir='ltr'><strong>quandin</strong></span> <span class='ocrx_word' id='word_1_30' title='bbox 880 737 953 810; x_wconf 87' lang='lat' dir='ltr'><strong>post</strong></span> <span class='ocrx_word' id='word_1_31' title='bbox 971 750 1022 790; x_wconf 89' lang='lat' dir='ltr'><strong>me</strong></span> <span class='ocrx_word' id='word_1_32' title='bbox 1045 730 1129 814; x_wconf 68' lang='lat' dir='ltr'><strong>ipsos</strong></span> <span class='ocrx_word' id='word_1_33' title='bbox 1144 755 1199 796; x_wconf 72' lang='lat' dir='ltr'><strong>re·</strong></span> 
     </span>
     <span class='ocr_line' id='line_1_6' title="bbox 96 807 1200 896; baseline -0.011 -18"><span class='ocrx_word' id='word_1_34' title='bbox 96 820 239 893; x_wconf 88' lang='lat' dir='ltr'><strong>tinuero,</strong></span> <span class='ocrx_word' id='word_1_35' title='bbox 260 813 351 875; x_wconf 89' lang='lat' dir='ltr'><strong>annis</strong></span> <span class='ocrx_word' id='word_1_36' title='bbox 376 809 515 891; x_wconf 83' lang='lat' dir='ltr'><strong>singuiis</strong></span> <span class='ocrx_word' id='word_1_37' title='bbox 540 831 599 892; x_wconf 85' lang='lat' dir='ltr'><strong>per</strong></span> <span class='ocrx_word' id='word_1_38' title='bbox 616 809 761 890; x_wconf 81' lang='lat' dir='ltr'><strong>singulos</strong></span> <span class='ocrx_word' id='word_1_39' title='bbox 782 807 903 871; x_wconf 83' lang='lat' dir='ltr'><strong>solidos</strong></span> <span class='ocrx_word' id='word_1_40' title='bbox 925 810 1071 896; x_wconf 82' lang='lat' dir='ltr'><strong>singulos</strong></span> <span class='ocrx_word' id='word_1_41' title='bbox 1095 815 1200 876; x_wconf 79' lang='lat' dir='ltr'><strong>trian-</strong></span> 
     </span>
     <span class='ocr_line' id='line_1_7' title="bbox 97 893 616 979; baseline -0.025 -16"><span class='ocrx_word' id='word_1_42' title='bbox 97 911 160 976; x_wconf 89' lang='lat' dir='ltr'><strong>tes,</strong></span> <span class='ocrx_word' id='word_1_43' title='bbox 183 909 240 963; x_wconf 88' lang='lat' dir='ltr'><strong>etc.</strong></span> <span class='ocrx_word' id='word_1_44' title='bbox 270 910 422 979; x_wconf 78' lang='lat' dir='ltr'><strong>utsupra</strong></span> <span class='ocrx_word' id='word_1_45' title='bbox 445 911 520 975; x_wconf 76' lang='lat' dir='ltr'><strong>pag.</strong></span> <span class='ocrx_word' id='word_1_46' title='bbox 545 893 616 952; x_wconf 77' lang='lat'><strong>351.</strong></span> 
     </span>
    </p>
   </div>
   <div class='ocr_carea' id='block_1_4' title="bbox 549 999 728 1062">
    <p class='ocr_par' dir='ltr' id='par_1_4' title="bbox 549 999 728 1062">
     <span class='ocr_line' id='line_1_8' title="bbox 549 999 728 1062; baseline -0.011 0"><span class='ocrx_word' id='word_1_47' title='bbox 549 1001 630 1062; x_wconf 77' lang='lat' dir='ltr'><strong>Item</strong></span> <span class='ocrx_word' id='word_1_48' title='bbox 654 999 728 1060; x_wconf 81' lang='lat' dir='ltr'><strong>ulia.</strong></span> 
     </span>
    </p>
   </div>
   <div class='ocr_carea' id='block_1_5' title="bbox 94 1103 1203 1362">
    <p class='ocr_par' dir='ltr' id='par_1_5' title="bbox 94 1103 1203 1362">
     <span class='ocr_line' id='line_1_9' title="bbox 180 1103 1202 1187; baseline 0.004 -15"><span class='ocrx_word' id='word_1_49' title='bbox 180 1111 326 1174; x_wconf 80' lang='lat' dir='ltr'><strong>CXLIV.</strong></span> <span class='ocrx_word' id='word_1_50' title='bbox 365 1105 507 1168; x_wconf 89' lang='lat' dir='ltr'><strong>Domino</strong></span> <span class='ocrx_word' id='word_1_51' title='bbox 535 1104 637 1170; x_wconf 74' lang='lat' dir='ltr'><strong>fratri,</strong></span> <span class='ocrx_word' id='word_1_52' title='bbox 655 1104 726 1181; x_wconf 87' lang='lat' dir='ltr'><strong>itti,</strong></span> <span class='ocrx_word' id='word_1_53' title='bbox 755 1124 816 1187; x_wconf 79' lang='lat' dir='ltr'><strong>ego</strong></span> <span class='ocrx_word' id='word_1_54' title='bbox 839 1103 906 1169; x_wconf 87' lang='lat' dir='ltr'><strong>ille.</strong></span> <span class='ocrx_word' id='word_1_55' title='bbox 947 1110 1114 1186; x_wconf 80' lang='lat' dir='ltr'><strong>Quatenus</strong></span> <span class='ocrx_word' id='word_1_56' title='bbox 1140 1133 1202 1178; x_wconf 84' lang='lat' dir='ltr'><strong>ne·</strong></span> 
     </span>
     <span class='ocr_line' id='line_1_10' title="bbox 97 1187 1202 1272; baseline -0.004 -14"><span class='ocrx_word' id='word_1_57' title='bbox 97 1198 278 1258; x_wconf 75' lang='lat' dir='ltr'><strong>cessitatem</strong></span> <span class='ocrx_word' id='word_1_58' title='bbox 297 1211 401 1252; x_wconf 86' lang='lat' dir='ltr'><strong>meam</strong></span> <span class='ocrx_word' id='word_1_59' title='bbox 428 1189 610 1272; x_wconf 84' lang='lat' dir='ltr'><strong>supplendo</strong></span> <span class='ocrx_word' id='word_1_60' title='bbox 639 1187 760 1248; x_wconf 83' lang='lat' dir='ltr'><strong>solidos</strong></span> <span class='ocrx_word' id='word_1_61' title='bbox 785 1197 906 1250; x_wconf 83' lang='lat' dir='ltr'><strong>vestros</strong></span> <span class='ocrx_word' id='word_1_62' title='bbox 933 1213 1067 1256; x_wconf 84' lang='lat' dir='ltr'><strong>numero</strong></span> <span class='ocrx_word' id='word_1_63' title='bbox 1094 1203 1202 1260; x_wconf 69' lang='lat' dir='ltr'><strong>tanton</strong></span> 
     </span>
     <span class='ocr_line' id='line_1_11' title="bbox 94 1268 1203 1362; baseline 0.001 -22"><span class='ocrx_word' id='word_1_64' title='bbox 94 1281 139 1357; x_wconf 19' lang='lat' dir='ltr'><strong>,mi</strong></span> <span class='ocrx_word' id='word_1_65' title='bbox 145 1280 177 1338; x_wconf 87' lang='lat' dir='ltr'><strong>hi</strong></span> <span class='ocrx_word' id='word_1_66' title='bbox 190 1278 230 1338; x_wconf 88' lang='lat' dir='ltr'><strong>ad</strong></span> <span class='ocrx_word' id='word_1_67' title='bbox 242 1272 437 1336; x_wconf 86' lang='lat' dir='ltr'><strong>beneficium</strong></span> <span class='ocrx_word' id='word_1_68' title='bbox 448 1268 661 1356; x_wconf 82' lang='lat' dir='ltr'><strong>praestitistis,</strong></span> <span class='ocrx_word' id='word_1_69' title='bbox 677 1269 751 1330; x_wconf 87' lang='lat' dir='ltr'><strong>ideo</strong></span> <span class='ocrx_word' id='word_1_70' title='bbox 761 1270 850 1352; x_wconf 85' lang='lat' dir='ltr'><strong>quod</strong></span> <span class='ocrx_word' id='word_1_71' title='bbox 863 1279 923 1338; x_wconf 86' lang='lat' dir='ltr'><strong>etc.</strong></span> <span class='ocrx_word' id='word_1_72' title='bbox 932 1287 966 1333; x_wconf 81' lang='lat' dir='ltr'><strong>ut</strong></span> <span class='ocrx_word' id='word_1_73' title='bbox 980 1296 1076 1359; x_wconf 80' lang='lat' dir='ltr'><strong>supra</strong></span> <span class='ocrx_word' id='word_1_74' title='bbox 1084 1297 1118 1362; x_wconf 84' lang='lat' dir='ltr'><strong>p.</strong></span> <span class='ocrx_word' id='word_1_75' title='bbox 1130 1279 1203 1342; x_wconf 74' lang='lat'><strong>531.</strong></span> 
     </span>
    </p>
   </div>
   <div class='ocr_carea' id='block_1_6' title="bbox 557 1378 747 1442">
    <p class='ocr_par' dir='ltr' id='par_1_6' title="bbox 557 1378 747 1442">
     <span class='ocr_line' id='line_1_12' title="bbox 557 1378 747 1442; baseline -0.032 0"><span class='ocrx_word' id='word_1_76' title='bbox 557 1380 637 1442; x_wconf 87' lang='lat' dir='ltr'><strong>Item</strong></span> <span class='ocrx_word' id='word_1_77' title='bbox 681 1378 747 1438; x_wconf 81' lang='lat' dir='ltr'><strong>alia</strong></span> 
     </span>
    </p>
   </div>
   <div class='ocr_carea' id='block_1_7' title="bbox 97 1484 1209 2156">
    <p class='ocr_par' dir='ltr' id='par_1_7' title="bbox 97 1484 1207 1825">
     <span class='ocr_line' id='line_1_13' title="bbox 185 1484 1206 1570; baseline 0 -14"><span class='ocrx_word' id='word_1_78' title='bbox 185 1493 314 1556; x_wconf 84' lang='lat' dir='ltr'>CXLV.</span> <span class='ocrx_word' id='word_1_79' title='bbox 356 1489 495 1552; x_wconf 91' lang='lat' dir='ltr'><strong>Domino</strong></span> <span class='ocrx_word' id='word_1_80' title='bbox 522 1487 612 1547; x_wconf 80' lang='lat' dir='ltr'><strong>fratri</strong></span> <span class='ocrx_word' id='word_1_81' title='bbox 642 1484 703 1546; x_wconf 89' lang='lat' dir='ltr'><strong>illi.</strong></span> <span class='ocrx_word' id='word_1_82' title='bbox 743 1485 794 1548; x_wconf 82' lang='lat' dir='ltr'><strong>Ad</strong></span> <span class='ocrx_word' id='word_1_83' title='bbox 817 1485 1006 1570; x_wconf 81' lang='lat' dir='ltr'><strong>petitionem</strong></span> <span class='ocrx_word' id='word_1_84' title='bbox 1033 1491 1206 1556; x_wconf 71' lang='lat' dir='ltr'><strong>mummi-</strong></span> 
     </span>
     <span class='ocr_line' id='line_1_14' title="bbox 97 1569 1206 1655; baseline -0.002 -14"><span class='ocrx_word' id='word_1_85' title='bbox 97 1581 132 1642; x_wconf 84' lang='lat' dir='ltr'><strong>hi</strong></span> <span class='ocrx_word' id='word_1_86' title='bbox 163 1599 229 1637; x_wconf 89' lang='lat' dir='ltr'><strong>non</strong></span> <span class='ocrx_word' id='word_1_87' title='bbox 257 1573 442 1655; x_wconf 80' lang='lat' dir='ltr'><strong>denegasti,</strong></span> <span class='ocrx_word' id='word_1_88' title='bbox 471 1571 535 1632; x_wconf 91' lang='lat' dir='ltr'><strong>nisi</strong></span> <span class='ocrx_word' id='word_1_89' title='bbox 564 1577 600 1628; x_wconf 88' lang='lat' dir='ltr'><strong>ut</strong></span> <span class='ocrx_word' id='word_1_90' title='bbox 630 1569 664 1628; x_wconf 87' lang='lat' dir='ltr'><strong>iu</strong></span> <span class='ocrx_word' id='word_1_91' title='bbox 692 1589 816 1629; x_wconf 88' lang='lat' dir='ltr'><strong>summa</strong></span> <span class='ocrx_word' id='word_1_92' title='bbox 845 1571 1033 1632; x_wconf 84' lang='lat' dir='ltr'><strong>necessitate</strong></span> <span class='ocrx_word' id='word_1_93' title='bbox 1054 1595 1124 1636; x_wconf 81' lang='lat' dir='ltr'><strong>mea</strong></span> <span class='ocrx_word' id='word_1_94' title='bbox 1151 1598 1206 1639; x_wconf 82' lang='grc' dir='ltr'>ιι·-</span> 
     </span>
     <span class='ocr_line' id='line_1_15' title="bbox 102 1651 1206 1744; baseline -0.002 -22"><span class='ocrx_word' id='word_1_95' title='bbox 102 1672 238 1744; x_wconf 79' lang='lat' dir='ltr'><strong>gentnm</strong></span> <span class='ocrx_word' id='word_1_96' title='bbox 261 1657 312 1716; x_wconf 83' lang='lat' dir='ltr'><strong>vel</strong></span> <span class='ocrx_word' id='word_1_97' title='bbox 338 1655 489 1714; x_wconf 87' lang='lat' dir='ltr'><strong>amictum</strong></span> <span class='ocrx_word' id='word_1_98' title='bbox 515 1653 672 1713; x_wconf 86' lang='lat' dir='ltr'><strong>valentem</strong></span> <span class='ocrx_word' id='word_1_99' title='bbox 691 1651 813 1712; x_wconf 78' lang='lat' dir='ltr'><strong>solidos</strong></span> <span class='ocrx_word' id='word_1_100' title='bbox 838 1660 943 1714; x_wconf 87' lang='lat' dir='ltr'><strong>tantos</strong></span> <span class='ocrx_word' id='word_1_101' title='bbox 962 1654 995 1714; x_wconf 93' lang='lat' dir='ltr'><strong>in</strong></span> <span class='ocrx_word' id='word_1_102' title='bbox 1016 1675 1113 1717; x_wconf 80' lang='lat' dir='ltr'><strong>manu</strong></span> <span class='ocrx_word' id='word_1_103' title='bbox 1134 1679 1206 1720; x_wconf 76' lang='lat' dir='ltr'><strong>mea</strong></span> 
     </span>
     <span class='ocr_line' id='line_1_16' title="bbox 105 1733 1207 1825; baseline -0.002 -21"><span class='ocrx_word' id='word_1_104' title='bbox 105 1745 147 1804; x_wconf 83' lang='lat' dir='ltr'><strong>ad</strong></span> <span class='ocrx_word' id='word_1_105' title='bbox 164 1739 354 1825; x_wconf 78' lang='lat' dir='ltr'><strong>praestitum</strong></span> <span class='ocrx_word' id='word_1_106' title='bbox 367 1735 559 1798; x_wconf 89' lang='lat' dir='ltr'><strong>beneficium</strong></span> <span class='ocrx_word' id='word_1_107' title='bbox 568 1734 647 1794; x_wconf 85' lang='lat' dir='ltr'><strong>mihi</strong></span> <span class='ocrx_word' id='word_1_108' title='bbox 661 1733 849 1816; x_wconf 75' lang='lat' dir='ltr'><strong>praestitisti</strong></span> <span class='ocrx_word' id='word_1_109' title='bbox 865 1743 925 1796; x_wconf 82' lang='lat' dir='ltr'><strong>ete.</strong></span> <span class='ocrx_word' id='word_1_110' title='bbox 938 1749 973 1798; x_wconf 84' lang='lat' dir='ltr'><strong>ttt</strong></span> <span class='ocrx_word' id='word_1_111' title='bbox 986 1757 1122 1824; x_wconf 74' lang='lat' dir='ltr'><strong>tttpnp.</strong></span> <span class='ocrx_word' id='word_1_112' title='bbox 1134 1740 1207 1808; x_wconf 72' lang='lat'><strong>352.</strong></span> 
     </span>
    </p>

    <p class='ocr_par' dir='ltr' id='par_1_8' title="bbox 611 1839 692 1898">
     <span class='ocr_line' id='line_1_17' title="bbox 611 1839 692 1898; baseline 0.025 -2"><span class='ocrx_word' id='word_1_113' title='bbox 611 1839 692 1898; x_wconf 79' lang='lat' dir='ltr'><strong>Atia.</strong></span> 
     </span>
    </p>

    <p class='ocr_par' dir='ltr' id='par_1_9' title="bbox 104 1919 1209 2156">
     <span class='ocr_line' id='line_1_18' title="bbox 192 1919 1208 2012; baseline -0.004 -26"><span class='ocrx_word' id='word_1_114' title='bbox 192 1923 337 1988; x_wconf 84' lang='lat' dir='ltr'>CXLVI.</span> <span class='ocrx_word' id='word_1_115' title='bbox 379 1921 552 2004; x_wconf 73' lang='lat' dir='ltr'><strong>Magnifice</strong></span> <span class='ocrx_word' id='word_1_116' title='bbox 572 1920 661 1979; x_wconf 80' lang='lat' dir='ltr'><strong>fratri</strong></span> <span class='ocrx_word' id='word_1_117' title='bbox 684 1920 745 1996; x_wconf 87' lang='lat' dir='ltr'><strong>illi,</strong></span> <span class='ocrx_word' id='word_1_118' title='bbox 766 1941 826 2003; x_wconf 79' lang='lat' dir='ltr'><strong>ego</strong></span> <span class='ocrx_word' id='word_1_119' title='bbox 849 1919 917 1988; x_wconf 85' lang='lat' dir='ltr'><strong>itte.</strong></span> <span class='ocrx_word' id='word_1_120' title='bbox 959 1923 1134 1990; x_wconf 71' lang='lat' dir='ltr'><strong>Admetum</strong></span> <span class='ocrx_word' id='word_1_121' title='bbox 1153 1949 1208 2012; x_wconf 83' lang='lat' dir='ltr'><strong>pe.</strong></span> 
     </span>
     <span class='ocr_line' id='line_1_19' title="bbox 105 2002 1209 2074; baseline 0.004 -6"><span class='ocrx_word' id='word_1_122' title='bbox 105 2010 253 2070; x_wconf 88' lang='lat' dir='ltr'><strong>titionem</strong></span> <span class='ocrx_word' id='word_1_123' title='bbox 275 2016 378 2068; x_wconf 86' lang='lat' dir='ltr'><strong>vestra</strong></span> <span class='ocrx_word' id='word_1_124' title='bbox 399 2007 542 2068; x_wconf 85' lang='lat' dir='ltr'><strong>decrevit</strong></span> <span class='ocrx_word' id='word_1_125' title='bbox 556 2004 701 2064; x_wconf 83' lang='lat' dir='ltr'><strong>voluutas</strong></span> <span class='ocrx_word' id='word_1_126' title='bbox 721 2013 758 2064; x_wconf 92' lang='lat' dir='ltr'><strong>ut</strong></span> <span class='ocrx_word' id='word_1_127' title='bbox 777 2002 856 2063; x_wconf 90' lang='lat' dir='ltr'><strong>mihi</strong></span> <span class='ocrx_word' id='word_1_128' title='bbox 884 2003 1077 2069; x_wconf 86' lang='lat' dir='ltr'><strong>beneficium</strong></span> <span class='ocrx_word' id='word_1_129' title='bbox 1098 2011 1139 2074; x_wconf 83' lang='lat' dir='ltr'><strong>de</strong></span> <span class='ocrx_word' id='word_1_130' title='bbox 1153 2035 1209 2074; x_wconf 83' lang='lat' dir='ltr'><strong>re-</strong></span> 
     </span>
     <span class='ocr_line' id='line_1_20' title="bbox 104 2086 1208 2156; baseline 0.005 -4"><span class='ocrx_word' id='word_1_131' title='bbox 104 2093 164 2152; x_wconf 85' lang='lat' dir='ltr'><strong>bus</strong></span> <span class='ocrx_word' id='word_1_132' title='bbox 189 2091 299 2154; x_wconf 83' lang='lat' dir='ltr'><strong>vestris</strong></span> <span class='ocrx_word' id='word_1_133' title='bbox 321 2090 386 2152; x_wconf 76' lang='lat' dir='ltr'><strong>iltis</strong></span> <span class='ocrx_word' id='word_1_134' title='bbox 410 2089 444 2149; x_wconf 91' lang='lat' dir='ltr'><strong>in</strong></span> <span class='ocrx_word' id='word_1_135' title='bbox 470 2109 572 2148; x_wconf 92' lang='lat' dir='ltr'><strong>annos</strong></span> <span class='ocrx_word' id='word_1_136' title='bbox 593 2096 698 2147; x_wconf 87' lang='lat' dir='ltr'><strong>tantos</strong></span> <span class='ocrx_word' id='word_1_137' title='bbox 718 2087 825 2147; x_wconf 81' lang='lat' dir='ltr'><strong>facere</strong></span> <span class='ocrx_word' id='word_1_138' title='bbox 845 2086 1000 2152; x_wconf 79' lang='lat' dir='ltr'><strong>iuberetis</strong></span> <span class='ocrx_word' id='word_1_139' title='bbox 1021 2101 1080 2154; x_wconf 84' lang='lat' dir='ltr'><strong>ete.</strong></span> <span class='ocrx_word' id='word_1_140' title='bbox 1106 2107 1142 2156; x_wconf 83' lang='lat' dir='ltr'><strong>ut</strong></span> <span class='ocrx_word' id='word_1_141' title='bbox 1158 2117 1208 2156; x_wconf 78' lang='lat' dir='ltr'><strong>su·</strong></span> 
     </span>
    </p>
   </div>
   <div class='ocr_carea' id='block_1_8' title="bbox 102 2173 797 2314">
    <p class='ocr_par' dir='ltr' id='par_1_10' title="bbox 102 2173 797 2314">
     <span class='ocr_line' id='line_1_21' title="bbox 102 2173 349 2260; baseline -0.008 -26"><span class='ocrx_word' id='word_1_142' title='bbox 102 2197 166 2260; x_wconf 67' lang='lat' dir='ltr'><strong>pra</strong></span> <span class='ocrx_word' id='word_1_143' title='bbox 182 2195 253 2259; x_wconf 78' lang='lat' dir='ltr'><strong>pag.</strong></span> <span class='ocrx_word' id='word_1_144' title='bbox 279 2173 349 2239; x_wconf 76' lang='lat'><strong>580.</strong></span> 
     </span>
     <span class='ocr_line' id='line_1_22' title="bbox 499 2251 797 2314; baseline 0.007 -2"><span class='ocrx_word' id='word_1_145' title='bbox 499 2253 610 2312; x_wconf 82' lang='lat' dir='ltr'><strong>Cautio</strong></span> <span class='ocrx_word' id='word_1_146' title='bbox 634 2251 676 2312; x_wconf 82' lang='lat' dir='ltr'><strong>de</strong></span> <span class='ocrx_word' id='word_1_147' title='bbox 693 2253 797 2314; x_wconf 57' lang='lat' dir='ltr'><strong>vinea„</strong></span> 
     </span>
    </p>
   </div>
   <div class='ocr_carea' id='block_1_9' title="bbox 54 2359 1209 2777">
    <p class='ocr_par' dir='ltr' id='par_1_11' title="bbox 54 2359 1209 2777">
     <span class='ocr_line' id='line_1_23' title="bbox 186 2359 1209 2446; baseline 0 -20"><span class='ocrx_word' id='word_1_148' title='bbox 186 2362 350 2426; x_wconf 84' lang='lat' dir='ltr'>CXLVII.</span> <span class='ocrx_word' id='word_1_149' title='bbox 392 2361 530 2422; x_wconf 90' lang='lat' dir='ltr'><strong>Domino</strong></span> <span class='ocrx_word' id='word_1_150' title='bbox 551 2359 643 2420; x_wconf 83' lang='lat' dir='ltr'><strong>fratri</strong></span> <span class='ocrx_word' id='word_1_151' title='bbox 664 2359 726 2438; x_wconf 85' lang='lat' dir='ltr'><strong>ilii,</strong></span> <span class='ocrx_word' id='word_1_152' title='bbox 747 2360 895 2442; x_wconf 17' lang='lat' dir='ltr'><strong>ego—itte.</strong></span> <span class='ocrx_word' id='word_1_153' title='bbox 943 2363 994 2426; x_wconf 77' lang='lat' dir='ltr'><strong>Ad</strong></span> <span class='ocrx_word' id='word_1_154' title='bbox 1013 2364 1209 2446; x_wconf 79' lang='lat' dir='ltr'><strong>petitionem</strong></span> 
     </span>
     <span class='ocr_line' id='line_1_24' title="bbox 102 2442 1205 2526; baseline 0.008 -21"><span class='ocrx_word' id='word_1_155' title='bbox 102 2469 206 2508; x_wconf 83' lang='lat' dir='ltr'><strong>meam</strong></span> <span class='ocrx_word' id='word_1_156' title='bbox 232 2445 311 2506; x_wconf 92' lang='lat' dir='ltr'><strong>mihi</strong></span> <span class='ocrx_word' id='word_1_157' title='bbox 342 2467 406 2506; x_wconf 89' lang='lat' dir='ltr'><strong>non</strong></span> <span class='ocrx_word' id='word_1_158' title='bbox 439 2443 624 2526; x_wconf 81' lang='lat' dir='ltr'><strong>denegasti,</strong></span> <span class='ocrx_word' id='word_1_159' title='bbox 653 2442 715 2503; x_wconf 89' lang='lat' dir='ltr'><strong>nisi</strong></span> <span class='ocrx_word' id='word_1_160' title='bbox 743 2443 836 2505; x_wconf 89' lang='lat' dir='ltr'><strong>utin</strong></span> <span class='ocrx_word' id='word_1_161' title='bbox 864 2467 984 2509; x_wconf 83' lang='lat' dir='ltr'><strong>summa</strong></span> <span class='ocrx_word' id='word_1_162' title='bbox 1017 2449 1205 2514; x_wconf 77' lang='lat' dir='ltr'><strong>necessitate</strong></span> 
     </span>
     <span class='ocr_line' id='line_1_25' title="bbox 103 2525 1207 2612; baseline 0.005 -24"><span class='ocrx_word' id='word_1_163' title='bbox 103 2551 174 2589; x_wconf 88' lang='lat' dir='ltr'><strong>mea</strong></span> <span class='ocrx_word' id='word_1_164' title='bbox 196 2539 362 2612; x_wconf 82' lang='lat' dir='ltr'><strong>argentum</strong></span> <span class='ocrx_word' id='word_1_165' title='bbox 392 2537 425 2588; x_wconf 88' lang='lat' dir='ltr'><strong>et</strong></span> <span class='ocrx_word' id='word_1_166' title='bbox 446 2525 597 2586; x_wconf 88' lang='lat' dir='ltr'><strong>amictum</strong></span> <span class='ocrx_word' id='word_1_167' title='bbox 622 2525 786 2586; x_wconf 77' lang='lat' dir='ltr'><strong>valentem</strong></span> <span class='ocrx_word' id='word_1_168' title='bbox 816 2528 935 2592; x_wconf 82' lang='lat' dir='ltr'><strong>solidos</strong></span> <span class='ocrx_word' id='word_1_169' title='bbox 962 2540 1067 2593; x_wconf 84' lang='lat' dir='ltr'><strong>tantos</strong></span> <span class='ocrx_word' id='word_1_170' title='bbox 1088 2533 1121 2593; x_wconf 92' lang='lat' dir='ltr'><strong>iu</strong></span> <span class='ocrx_word' id='word_1_171' title='bbox 1142 2555 1207 2594; x_wconf 77' lang='grc' dir='ltr'><strong>ωι·</strong></span> 
     </span>
     <span class='ocr_line' id='line_1_26' title="bbox 54 2607 1206 2700; baseline 0.006 -30"><span class='ocrx_word' id='word_1_172' title='bbox 54 2678 58 2684; x_wconf 44' lang='grc'><strong><em>,</em></strong></span> <span class='ocrx_word' id='word_1_173' title='bbox 103 2635 148 2670; x_wconf 92' lang='lat' dir='ltr'><strong>nu</strong></span> <span class='ocrx_word' id='word_1_174' title='bbox 173 2634 243 2672; x_wconf 86' lang='lat' dir='ltr'><strong>mea</strong></span> <span class='ocrx_word' id='word_1_175' title='bbox 266 2612 307 2672; x_wconf 89' lang='lat' dir='ltr'><strong>ad</strong></span> <span class='ocrx_word' id='word_1_176' title='bbox 326 2609 518 2692; x_wconf 88' lang='lat' dir='ltr'><strong>praestitum</strong></span> <span class='ocrx_word' id='word_1_177' title='bbox 549 2607 742 2670; x_wconf 87' lang='lat' dir='ltr'><strong>beneficium</strong></span> <span class='ocrx_word' id='word_1_178' title='bbox 762 2608 842 2670; x_wconf 85' lang='lat' dir='ltr'><strong>mihi</strong></span> <span class='ocrx_word' id='word_1_179' title='bbox 865 2611 990 2679; x_wconf 78' lang='lat' dir='ltr'><strong>dedisti.</strong></span> <span class='ocrx_word' id='word_1_180' title='bbox 1029 2617 1206 2700; x_wconf 74' lang='lat' dir='ltr'><strong>Prbpterea</strong></span> 
     </span>
     <span class='ocr_line' id='line_1_27' title="bbox 103 2691 734 2777; baseline -0.008 -23"><span class='ocrx_word' id='word_1_181' title='bbox 103 2695 281 2777; x_wconf 83' lang='lat' dir='ltr'><strong>oppignoro</strong></span> <span class='ocrx_word' id='word_1_182' title='bbox 303 2703 362 2758; x_wconf 88' lang='lat' dir='ltr'><strong>ete.</strong></span> <span class='ocrx_word' id='word_1_183' title='bbox 391 2705 426 2752; x_wconf 82' lang='lat' dir='ltr'><strong>nt</strong></span> <span class='ocrx_word' id='word_1_184' title='bbox 447 2712 544 2774; x_wconf 82' lang='lat' dir='ltr'><strong>snpra</strong></span> <span class='ocrx_word' id='word_1_185' title='bbox 561 2712 634 2774; x_wconf 79' lang='lat' dir='ltr'><strong>pag.</strong></span> <span class='ocrx_word' id='word_1_186' title='bbox 662 2691 734 2754; x_wconf 80' lang='lat'><strong>368.</strong></span> 
     </span>
    </p>
   </div>
   <div class='ocr_carea' id='block_1_10' title="bbox 189 2795 1204 2976">
    <p class='ocr_par' dir='ltr' id='par_1_12' title="bbox 189 2795 1204 2976">
     <span class='ocr_line' id='line_1_28' title="bbox 541 2795 763 2857; baseline 0.009 -2"><span class='ocrx_word' id='word_1_187' title='bbox 541 2795 763 2857; x_wconf 77' lang='lat' dir='ltr'><strong>Eoocnatoria.</strong></span> 
     </span>
     <span class='ocr_line' id='line_1_29' title="bbox 189 2903 1204 2976; baseline 0.009 -9"><span class='ocrx_word' id='word_1_188' title='bbox 189 2903 368 2969; x_wconf 78' lang='lat' dir='ltr'>CXLVIII.</span> <span class='ocrx_word' id='word_1_189' title='bbox 407 2903 547 2964; x_wconf 89' lang='lat' dir='ltr'><strong>Domino</strong></span> <span class='ocrx_word' id='word_1_190' title='bbox 568 2903 658 2963; x_wconf 88' lang='lat' dir='ltr'><strong>fratri</strong></span> <span class='ocrx_word' id='word_1_191' title='bbox 681 2903 739 2964; x_wconf 83' lang='lat' dir='ltr'><strong>ilii.</strong></span> <span class='ocrx_word' id='word_1_192' title='bbox 782 2904 942 2968; x_wconf 83' lang='lat' dir='ltr'><strong>Omnibus</strong></span> <span class='ocrx_word' id='word_1_193' title='bbox 969 2929 1034 2968; x_wconf 92' lang='lat' dir='ltr'><strong>non</strong></span> <span class='ocrx_word' id='word_1_194' title='bbox 1065 2909 1204 2976; x_wconf 82' lang='lat' dir='ltr'><strong>habetur</strong></span> 
     </span>
    </p>
   </div>
   <div class='ocr_carea' id='block_1_11' title="bbox 107 2981 1204 3158">
    <p class='ocr_par' dir='ltr' id='par_1_13' title="bbox 107 2981 1204 3158">
     <span class='ocr_line' id='line_1_30' title="bbox 108 2981 1204 3070; baseline 0.008 -22"><span class='ocrx_word' id='word_1_195' title='bbox 108 2981 309 3070; x_wconf 74' lang='lat' dir='ltr'><strong>recognitum</strong></span> <span class='ocrx_word' id='word_1_196' title='bbox 329 2985 466 3068; x_wconf 87' lang='lat' dir='ltr'><strong>qualiter</strong></span> <span class='ocrx_word' id='word_1_197' title='bbox 486 2997 560 3047; x_wconf 89' lang='lat' dir='ltr'><strong>ante</strong></span> <span class='ocrx_word' id='word_1_198' title='bbox 580 2987 638 3046; x_wconf 91' lang='lat' dir='ltr'><strong>hos</strong></span> <span class='ocrx_word' id='word_1_199' title='bbox 661 3009 764 3048; x_wconf 87' lang='lat' dir='ltr'><strong>anuos</strong></span> <span class='ocrx_word' id='word_1_200' title='bbox 790 2987 909 3048; x_wconf 86' lang='lat' dir='ltr'><strong>solidos</strong></span> <span class='ocrx_word' id='word_1_201' title='bbox 938 2999 1064 3053; x_wconf 86' lang='lat' dir='ltr'><strong>nostros</strong></span> <span class='ocrx_word' id='word_1_202' title='bbox 1087 3015 1204 3058; x_wconf 86' lang='lat' dir='ltr'><strong>nume-</strong></span> 
     </span>
     <span class='ocr_line' id='line_1_31' title="bbox 107 3067 1181 3158; baseline 0 -26"><span class='ocrx_word' id='word_1_203' title='bbox 107 3094 145 3132; x_wconf 87' lang='lat' dir='ltr'><strong>ro</strong></span> <span class='ocrx_word' id='word_1_204' title='bbox 168 3079 271 3130; x_wconf 87' lang='lat' dir='ltr'><strong>tantos</strong></span> <span class='ocrx_word' id='word_1_205' title='bbox 297 3071 336 3130; x_wconf 88' lang='lat' dir='ltr'><strong>ad</strong></span> <span class='ocrx_word' id='word_1_206' title='bbox 357 3069 548 3130; x_wconf 84' lang='lat' dir='ltr'><strong>heneficium</strong></span> <span class='ocrx_word' id='word_1_207' title='bbox 570 3067 731 3152; x_wconf 84' lang='lat' dir='ltr'><strong>accepisti.</strong></span> <span class='ocrx_word' id='word_1_208' title='bbox 753 3075 814 3129; x_wconf 89' lang='lat' dir='ltr'><strong>etc.</strong></span> <span class='ocrx_word' id='word_1_209' title='bbox 845 3082 879 3129; x_wconf 84' lang='lat' dir='ltr'><strong>ut</strong></span> <span class='ocrx_word' id='word_1_210' title='bbox 903 3091 999 3151; x_wconf 79' lang='lat' dir='ltr'><strong>supra</strong></span> <span class='ocrx_word' id='word_1_211' title='bbox 1016 3094 1089 3155; x_wconf 76' lang='lat' dir='ltr'><strong>pag.</strong></span> <span class='ocrx_word' id='word_1_212' title='bbox 1110 3078 1181 3158; x_wconf 70' lang='lat'><strong>597.</strong></span> 
     </span>
    </p>
   </div>
   <div class='ocr_carea' id='block_1_12' title="bbox 504 3173 805 3238">
    <p class='ocr_par' dir='ltr' id='par_1_14' title="bbox 504 3173 805 3238">
     <span class='ocr_line' id='line_1_32' title="bbox 504 3173 805 3238; baseline -0.01 -4"><span class='ocrx_word' id='word_1_213' title='bbox 504 3173 579 3234; x_wconf 81' lang='lat' dir='ltr'><strong>Atia</strong></span> <span class='ocrx_word' id='word_1_214' title='bbox 599 3175 805 3238; x_wconf 76' lang='lat' dir='ltr'><strong>evacuatoria.</strong></span> 
     </span>
    </p>
   </div>
   <div class='ocr_carea' id='block_1_13' title="bbox 42 3280 1205 3537">
    <p class='ocr_par' dir='ltr' id='par_1_15' title="bbox 42 3280 1205 3537">
     <span class='ocr_line' id='line_1_33' title="bbox 188 3280 1204 3370; baseline 0.004 -24"><span class='ocrx_word' id='word_1_215' title='bbox 188 3281 336 3346; x_wconf 85' lang='lat' dir='ltr'>CXLIX.</span> <span class='ocrx_word' id='word_1_216' title='bbox 377 3282 479 3354; x_wconf 85' lang='lat' dir='ltr'><strong>Fratri</strong></span> <span class='ocrx_word' id='word_1_217' title='bbox 504 3281 565 3342; x_wconf 85' lang='lat' dir='ltr'><strong>illi.</strong></span> <span class='ocrx_word' id='word_1_218' title='bbox 606 3280 764 3341; x_wconf 88' lang='lat' dir='ltr'><strong>Omnibus</strong></span> <span class='ocrx_word' id='word_1_219' title='bbox 795 3301 860 3340; x_wconf 91' lang='lat' dir='ltr'><strong>non</strong></span> <span class='ocrx_word' id='word_1_220' title='bbox 892 3281 1029 3344; x_wconf 85' lang='lat' dir='ltr'><strong>habetur</strong></span> <span class='ocrx_word' id='word_1_221' title='bbox 1053 3285 1204 3370; x_wconf 81' lang='lat' dir='ltr'><strong>incogni-</strong></span> 
     </span>
     <span class='ocr_line' id='line_1_34' title="bbox 102 3362 1204 3453; baseline -0.007 -24"><span class='ocrx_word' id='word_1_222' title='bbox 102 3381 171 3430; x_wconf 87' lang='lat' dir='ltr'><strong>tum</strong></span> <span class='ocrx_word' id='word_1_223' title='bbox 192 3367 280 3448; x_wconf 92' lang='lat' dir='ltr'><strong>quod</strong></span> <span class='ocrx_word' id='word_1_224' title='bbox 302 3388 361 3448; x_wconf 84' lang='lat' dir='ltr'><strong>ego</strong></span> <span class='ocrx_word' id='word_1_225' title='bbox 378 3365 623 3446; x_wconf 86' lang='lat' dir='ltr'><strong>adpetitionem</strong></span> <span class='ocrx_word' id='word_1_226' title='bbox 640 3371 727 3422; x_wconf 91' lang='lat' dir='ltr'><strong>tuam</strong></span> <span class='ocrx_word' id='word_1_227' title='bbox 746 3362 865 3426; x_wconf 88' lang='lat' dir='ltr'><strong>solidos</strong></span> <span class='ocrx_word' id='word_1_228' title='bbox 885 3373 989 3427; x_wconf 89' lang='lat' dir='ltr'><strong>tantos</strong></span> <span class='ocrx_word' id='word_1_229' title='bbox 1010 3368 1051 3429; x_wconf 88' lang='lat' dir='ltr'><strong>ad</strong></span> <span class='ocrx_word' id='word_1_230' title='bbox 1070 3374 1204 3453; x_wconf 84' lang='lat' dir='ltr'><strong>praesti.</strong></span> 
     </span>
     <span class='ocr_line' id='line_1_35' title="bbox 42 3445 1205 3537; baseline 0 -25"><span class='ocrx_word' id='word_1_231' title='bbox 42 3469 44 3476; x_wconf 80' lang='grc'><strong>“</strong></span> <span class='ocrx_word' id='word_1_232' title='bbox 103 3464 172 3512; x_wconf 88' lang='lat' dir='ltr'><strong>tum</strong></span> <span class='ocrx_word' id='word_1_233' title='bbox 188 3450 384 3511; x_wconf 81' lang='lat' dir='ltr'><strong>beneficium</strong></span> <span class='ocrx_word' id='word_1_234' title='bbox 400 3448 433 3508; x_wconf 92' lang='lat' dir='ltr'><strong>in</strong></span> <span class='ocrx_word' id='word_1_235' title='bbox 450 3469 548 3507; x_wconf 86' lang='lat' dir='ltr'><strong>manu</strong></span> <span class='ocrx_word' id='word_1_236' title='bbox 562 3455 618 3508; x_wconf 87' lang='lat' dir='ltr'><strong>tua</strong></span> <span class='ocrx_word' id='word_1_237' title='bbox 631 3445 690 3506; x_wconf 88' lang='lat' dir='ltr'><strong>tibi</strong></span> <span class='ocrx_word' id='word_1_238' title='bbox 704 3446 847 3528; x_wconf 83' lang='lat' dir='ltr'><strong>praestiti</strong></span> <span class='ocrx_word' id='word_1_239' title='bbox 862 3457 922 3512; x_wconf 86' lang='lat' dir='ltr'><strong>etc.</strong></span> <span class='ocrx_word' id='word_1_240' title='bbox 935 3461 969 3508; x_wconf 83' lang='lat' dir='ltr'><strong>ut</strong></span> <span class='ocrx_word' id='word_1_241' title='bbox 980 3471 1076 3535; x_wconf 82' lang='lat' dir='ltr'><strong>supra</strong></span> <span class='ocrx_word' id='word_1_242' title='bbox 1085 3474 1119 3537; x_wconf 81' lang='lat' dir='ltr'><strong>p.</strong></span> <span class='ocrx_word' id='word_1_243' title='bbox 1133 3455 1205 3520; x_wconf 76' lang='lat'><strong>560.</strong></span> 
     </span>
    </p>
   </div>
   <div class='ocr_carea' id='block_1_14' title="bbox 102 3559 1203 3732">
    <p class='ocr_par' dir='ltr' id='par_1_16' title="bbox 102 3559 1203 3732">
     <span class='ocr_line' id='line_1_36' title="bbox 102 3559 1203 3646; baseline 0.007 -20"><span class='ocrx_word' id='word_1_244' title='bbox 102 3567 140 3626; x_wconf 86' lang='lat' dir='ltr'><strong>Si</strong></span> <span class='ocrx_word' id='word_1_245' title='bbox 159 3564 272 3646; x_wconf 81' lang='lat' dir='ltr'><strong>aliquis</strong></span> <span class='ocrx_word' id='word_1_246' title='bbox 293 3586 358 3625; x_wconf 88' lang='lat' dir='ltr'><strong>rem</strong></span> <span class='ocrx_word' id='word_1_247' title='bbox 380 3563 521 3638; x_wconf 82' lang='lat' dir='ltr'><strong>alterins,</strong></span> <span class='ocrx_word' id='word_1_248' title='bbox 541 3581 634 3640; x_wconf 82' lang='lat' dir='ltr'><strong>quam</strong></span> <span class='ocrx_word' id='word_1_249' title='bbox 653 3561 783 3638; x_wconf 79' lang='lat' dir='ltr'><strong>excolit,</strong></span> <span class='ocrx_word' id='word_1_250' title='bbox 799 3559 845 3620; x_wconf 85' lang='lat' dir='ltr'><strong>ad</strong></span> <span class='ocrx_word' id='word_1_251' title='bbox 861 3565 1087 3646; x_wconf 76' lang='lat' dir='ltr'><strong>proprietatem</strong></span> <span class='ocrx_word' id='word_1_252' title='bbox 1102 3572 1203 3634; x_wconf 79' lang='lat' dir='ltr'><strong>sarire</strong></span> 
     </span>
     <span class='ocr_line' id='line_1_37' title="bbox 185 3647 1120 3732; baseline 0.006 -27"><span class='ocrx_word' id='word_1_253' title='bbox 185 3648 274 3720; x_wconf 78' lang='lat' dir='ltr'><strong>volt,</strong></span> <span class='ocrx_word' id='word_1_254' title='bbox 296 3647 436 3706; x_wconf 86' lang='lat' dir='ltr'><strong>sednon</strong></span> <span class='ocrx_word' id='word_1_255' title='bbox 458 3656 580 3728; x_wconf 85' lang='lat' dir='ltr'><strong>potest,</strong></span> <span class='ocrx_word' id='word_1_256' title='bbox 604 3655 635 3704; x_wconf 86' lang='lat' dir='ltr'><strong>et</strong></span> <span class='ocrx_word' id='word_1_257' title='bbox 657 3655 767 3724; x_wconf 80' lang='lat' dir='ltr'><strong>postea</strong></span> <span class='ocrx_word' id='word_1_258' title='bbox 795 3666 862 3706; x_wconf 84' lang='lat' dir='ltr'><strong>eam</strong></span> <span class='ocrx_word' id='word_1_259' title='bbox 879 3648 1120 3732; x_wconf 83' lang='lat' dir='ltr'><strong>precariaverit.</strong></span> 
     </span>
    </p>
   </div>
   <div class='ocr_carea' id='block_1_15' title="bbox 101 3745 1204 4328">
    <p class='ocr_par' dir='ltr' id='par_1_17' title="bbox 101 3745 1204 4328">
     <span class='ocr_line' id='line_1_38' title="bbox 184 3745 1204 3831; baseline -0.003 -19"><span class='ocrx_word' id='word_1_260' title='bbox 184 3753 246 3817; x_wconf 85' lang='lat' dir='ltr'><strong>CL.</strong></span> <span class='ocrx_word' id='word_1_261' title='bbox 285 3750 425 3812; x_wconf 89' lang='lat' dir='ltr'><strong>Domino</strong></span> <span class='ocrx_word' id='word_1_262' title='bbox 447 3747 577 3808; x_wconf 83' lang='lat' dir='ltr'><strong>inlustri</strong></span> <span class='ocrx_word' id='word_1_263' title='bbox 598 3745 646 3805; x_wconf 86' lang='lat' dir='ltr'><strong>itti</strong></span> <span class='ocrx_word' id='word_1_264' title='bbox 671 3756 703 3808; x_wconf 86' lang='lat' dir='ltr'><strong>et</strong></span> <span class='ocrx_word' id='word_1_265' title='bbox 729 3748 808 3808; x_wconf 90' lang='lat' dir='ltr'><strong>mihi</strong></span> <span class='ocrx_word' id='word_1_266' title='bbox 835 3750 977 3831; x_wconf 91' lang='lat' dir='ltr'><strong>propitio</strong></span> <span class='ocrx_word' id='word_1_267' title='bbox 998 3754 1138 3821; x_wconf 89' lang='lat' dir='ltr'><strong>Domino</strong></span> <span class='ocrx_word' id='word_1_268' title='bbox 1158 3761 1204 3822; x_wconf 81' lang='lat' dir='ltr'><strong>tt.</strong></span> 
     </span>
     <span class='ocr_line' id='line_1_39' title="bbox 101 3827 1204 3916; baseline -0.001 -23"><span class='ocrx_word' id='word_1_269' title='bbox 101 3833 154 3915; x_wconf 60' lang='lat' dir='ltr'><strong>li„</strong></span> <span class='ocrx_word' id='word_1_270' title='bbox 178 3835 264 3893; x_wconf 84' lang='lat' dir='ltr'><strong>Dum</strong></span> <span class='ocrx_word' id='word_1_271' title='bbox 290 3855 349 3915; x_wconf 88' lang='lat' dir='ltr'><strong>per</strong></span> <span class='ocrx_word' id='word_1_272' title='bbox 367 3832 524 3892; x_wconf 84' lang='lat' dir='ltr'><strong>malorum</strong></span> <span class='ocrx_word' id='word_1_273' title='bbox 550 3827 716 3890; x_wconf 88' lang='lat' dir='ltr'><strong>hominnm</strong></span> <span class='ocrx_word' id='word_1_274' title='bbox 738 3832 928 3907; x_wconf 86' lang='lat' dir='ltr'><strong>eonsilium,</strong></span> <span class='ocrx_word' id='word_1_275' title='bbox 951 3837 1038 3916; x_wconf 89' lang='lat' dir='ltr'><strong>quod</strong></span> <span class='ocrx_word' id='word_1_276' title='bbox 1063 3861 1129 3900; x_wconf 94' lang='lat' dir='ltr'><strong>non</strong></span> <span class='ocrx_word' id='word_1_277' title='bbox 1149 3843 1204 3905; x_wconf 73' lang='lat' dir='ltr'><strong>de.</strong></span> 
     </span>
     <span class='ocr_line' id='line_1_40' title="bbox 102 3907 1204 4000; baseline 0.001 -25"><span class='ocrx_word' id='word_1_278' title='bbox 102 3907 246 3993; x_wconf 70' lang='lat' dir='ltr'><strong>buerant,</strong></span> <span class='ocrx_word' id='word_1_279' title='bbox 268 3917 307 3977; x_wconf 90' lang='lat' dir='ltr'><strong>de</strong></span> <span class='ocrx_word' id='word_1_280' title='bbox 329 3914 416 3976; x_wconf 76' lang='lat' dir='ltr'><strong>terra</strong></span> <span class='ocrx_word' id='word_1_281' title='bbox 438 3921 542 3974; x_wconf 81' lang='lat' dir='ltr'><strong>vestra</strong></span> <span class='ocrx_word' id='word_1_282' title='bbox 562 3912 596 3970; x_wconf 91' lang='lat' dir='ltr'><strong>in</strong></span> <span class='ocrx_word' id='word_1_283' title='bbox 619 3911 690 3974; x_wconf 86' lang='lat' dir='ltr'><strong>Ioco</strong></span> <span class='ocrx_word' id='word_1_284' title='bbox 711 3927 896 3996; x_wconf 84' lang='lat' dir='ltr'><strong>nuncupato</strong></span> <span class='ocrx_word' id='word_1_285' title='bbox 918 3916 996 3996; x_wconf 91' lang='lat' dir='ltr'><strong>illo,</strong></span> <span class='ocrx_word' id='word_1_286' title='bbox 1026 3941 1124 4000; x_wconf 86' lang='lat' dir='ltr'><strong>quam</strong></span> <span class='ocrx_word' id='word_1_287' title='bbox 1148 3946 1204 3987; x_wconf 84' lang='lat' dir='ltr'><strong>ex.</strong></span> 
     </span>
     <span class='ocr_line' id='line_1_41' title="bbox 103 3995 1204 4087; baseline -0.001 -29"><span class='ocrx_word' id='word_1_288' title='bbox 103 3997 212 4059; x_wconf 81' lang='lat' dir='ltr'><strong>colere</strong></span> <span class='ocrx_word' id='word_1_289' title='bbox 235 3998 356 4075; x_wconf 79' lang='lat' dir='ltr'><strong>videor,</strong></span> <span class='ocrx_word' id='word_1_290' title='bbox 379 3997 520 4060; x_wconf 85' lang='lat' dir='ltr'><strong>avellere</strong></span> <span class='ocrx_word' id='word_1_291' title='bbox 540 3995 642 4055; x_wconf 86' lang='lat' dir='ltr'><strong>amari</strong></span> <span class='ocrx_word' id='word_1_292' title='bbox 660 4004 696 4056; x_wconf 84' lang='lat' dir='ltr'><strong>et</strong></span> <span class='ocrx_word' id='word_1_293' title='bbox 715 3995 812 4079; x_wconf 88' lang='lat' dir='ltr'><strong>ipsam</strong></span> <span class='ocrx_word' id='word_1_294' title='bbox 834 4007 953 4059; x_wconf 82' lang='lat' dir='ltr'><strong>terram</strong></span> <span class='ocrx_word' id='word_1_295' title='bbox 974 4000 1014 4060; x_wconf 92' lang='lat' dir='ltr'><strong>ad</strong></span> <span class='ocrx_word' id='word_1_296' title='bbox 1028 4005 1204 4087; x_wconf 57' lang='lat' dir='ltr'><strong>propriata.</strong></span> 
     </span>
     <span class='ocr_line' id='line_1_42' title="bbox 102 4079 1200 4162; baseline 0.004 -22"><span class='ocrx_word' id='word_1_297' title='bbox 102 4089 168 4140; x_wconf 88' lang='lat' dir='ltr'><strong>tem</strong></span> <span class='ocrx_word' id='word_1_298' title='bbox 188 4080 300 4158; x_wconf 79' lang='lat' dir='ltr'><strong>sasire,</strong></span> <span class='ocrx_word' id='word_1_299' title='bbox 323 4090 356 4142; x_wconf 87' lang='lat' dir='ltr'><strong>et</strong></span> <span class='ocrx_word' id='word_1_300' title='bbox 377 4100 441 4139; x_wconf 91' lang='lat' dir='ltr'><strong>non</strong></span> <span class='ocrx_word' id='word_1_301' title='bbox 462 4079 565 4162; x_wconf 89' lang='lat' dir='ltr'><strong>potui,</strong></span> <span class='ocrx_word' id='word_1_302' title='bbox 587 4079 675 4160; x_wconf 87' lang='lat' dir='ltr'><strong>quod</strong></span> <span class='ocrx_word' id='word_1_303' title='bbox 698 4100 759 4140; x_wconf 86' lang='lat' dir='ltr'><strong>nee</strong></span> <span class='ocrx_word' id='word_1_304' title='bbox 779 4080 861 4140; x_wconf 88' lang='lat' dir='ltr'><strong>ratio</strong></span> <span class='ocrx_word' id='word_1_305' title='bbox 882 4082 1066 4161; x_wconf 83' lang='lat' dir='ltr'><strong>praestitit,</strong></span> <span class='ocrx_word' id='word_1_306' title='bbox 1088 4096 1121 4148; x_wconf 87' lang='lat' dir='ltr'><strong>et</strong></span> <span class='ocrx_word' id='word_1_307' title='bbox 1143 4100 1200 4154; x_wconf 60' lang='lat' dir='ltr'><strong>vo,</strong></span> 
     </span>
     <span class='ocr_line' id='line_1_43' title="bbox 102 4161 1200 4252; baseline 0.012 -30"><span class='ocrx_word' id='word_1_308' title='bbox 102 4163 310 4245; x_wconf 79' lang='lat' dir='ltr'><strong>relegentes</strong></span> <span class='ocrx_word' id='word_1_309' title='bbox 336 4161 435 4224; x_wconf 82' lang='lat' dir='ltr'><strong>vestri</strong></span> <span class='ocrx_word' id='word_1_310' title='bbox 468 4181 536 4222; x_wconf 89' lang='lat' dir='ltr'><strong>eam</strong></span> <span class='ocrx_word' id='word_1_311' title='bbox 566 4162 606 4222; x_wconf 93' lang='lat' dir='ltr'><strong>ad</strong></span> <span class='ocrx_word' id='word_1_312' title='bbox 634 4171 758 4244; x_wconf 86' lang='lat' dir='ltr'><strong>partem</strong></span> <span class='ocrx_word' id='word_1_313' title='bbox 784 4171 920 4222; x_wconf 79' lang='lat' dir='ltr'><strong>vestram</strong></span> <span class='ocrx_word' id='word_1_314' title='bbox 941 4168 1127 4252; x_wconf 79' lang='lat' dir='ltr'><strong>revocastis,</strong></span> <span class='ocrx_word' id='word_1_315' title='bbox 1147 4175 1200 4237; x_wconf 77' lang='lat' dir='ltr'><strong>vei</strong></span> 
     </span>
     <span class='ocr_line' id='line_1_44' title="bbox 103 4243 1202 4328; baseline -0.001 -22"><span class='ocrx_word' id='word_1_316' title='bbox 103 4265 165 4310; x_wconf 79' lang='lat' dir='ltr'><strong>nos</strong></span> <span class='ocrx_word' id='word_1_317' title='bbox 184 4245 301 4308; x_wconf 78' lang='lat' dir='ltr'><strong>exinde</strong></span> <span class='ocrx_word' id='word_1_318' title='bbox 317 4243 468 4323; x_wconf 82' lang='lat' dir='ltr'><strong>eiecistis,</strong></span> <span class='ocrx_word' id='word_1_319' title='bbox 489 4244 545 4307; x_wconf 90' lang='lat' dir='ltr'><strong>sed</strong></span> <span class='ocrx_word' id='word_1_320' title='bbox 568 4253 675 4327; x_wconf 83' lang='lat' dir='ltr'><strong>postea</strong></span> <span class='ocrx_word' id='word_1_321' title='bbox 692 4243 942 4328; x_wconf 78' lang='lat' dir='ltr'><strong>adpetitionem</strong></span> <span class='ocrx_word' id='word_1_322' title='bbox 961 4246 1119 4314; x_wconf 69' lang='lat' dir='ltr'><strong>bouem</strong></span> <span class='ocrx_word' id='word_1_323' title='bbox 1140 4255 1202 4319; x_wconf 77' lang='lat' dir='ltr'><strong>Ito.</strong></span> 
     </span>
    </p>
   </div>
   <div class='ocr_carea' id='block_1_16' title="bbox 907 4364 955 4434">
    <p class='ocr_par' dir='ltr' id='par_1_18' title="bbox 907 4364 955 4434">
     <span class='ocr_line' id='line_1_45' title="bbox 907 4364 955 4434; baseline -0.021 0"><span class='ocrx_word' id='word_1_324' title='bbox 907 4364 955 4434; x_wconf 77' lang='lat'><strong>29</strong></span> 
     </span>
    </p>
   </div>
   <div class='ocr_carea' id='block_1_17' title="bbox 0 0 1372 4990">
    <p class='ocr_par' dir='ltr' id='par_1_19' title="bbox 0 0 1372 4990">
     <span class='ocr_line' id='line_1_46' title="bbox 0 0 1372 4990; baseline 0 1"><span class='ocrx_word' id='word_1_325' title='bbox 0 0 1372 4990; x_wconf 95' lang='lat' dir='ltr'><strong> </strong></span> 
     </span>
    </p>
   </div>
  </div>
 </body>
</html>
