<?xml version="1.0" encoding="UTF-8"?>
<!DOCTYPE html PUBLIC "-//W3C//DTD XHTML 1.0 Transitional//EN"
    "http://www.w3.org/TR/xhtml1/DTD/xhtml1-transitional.dtd">
<html xmlns="http://www.w3.org/1999/xhtml" xml:lang="en" lang="en">
 <head>
  <title>
</title>
<meta http-equiv="Content-Type" content="text/html;charset=utf-8" />
  <meta name='ocr-system' content='tesseract 3.04.00' />
  <meta name='ocr-capabilities' content='ocr_page ocr_carea ocr_par ocr_line ocrx_word'/>
</head>
<body>
  <div class='ocr_page' id='page_1' title='image "./corpusiurisgerm03visigoog_0093.png"; bbox 0 0 2734 4990; ppageno 0'>
   <div class='ocr_carea' id='block_1_1' title="bbox 177 296 828 370">
    <p class='ocr_par' dir='ltr' id='par_1_1' title="bbox 177 296 828 370">
     <span class='ocr_line' id='line_1_1' title="bbox 177 296 828 370; baseline -0.011 -1"><span class='ocrx_word' id='word_1_1' title='bbox 177 296 251 370; x_wconf 75' lang='grc'><strong>486</strong></span> <span class='ocrx_word' id='word_1_2' title='bbox 638 311 828 364; x_wconf 74' lang='lat' dir='ltr'><strong>rosunum:</strong></span> 
     </span>
    </p>
   </div>
   <div class='ocr_carea' id='block_1_2' title="bbox 176 448 1302 972">
    <p class='ocr_par' dir='ltr' id='par_1_2' title="bbox 176 448 1302 942">
     <span class='ocr_line' id='line_1_2' title="bbox 177 448 1302 531; baseline -0.008 -13"><span class='ocrx_word' id='word_1_3' title='bbox 177 455 220 518; x_wconf 85' lang='lat' dir='ltr'><strong>Et</strong></span> <span class='ocrx_word' id='word_1_4' title='bbox 238 453 265 514; x_wconf 87' lang='lat' dir='ltr'><strong>si</strong></span> <span class='ocrx_word' id='word_1_5' title='bbox 294 451 453 514; x_wconf 79' lang='lat' dir='ltr'><strong>redimere</strong></span> <span class='ocrx_word' id='word_1_6' title='bbox 475 448 630 524; x_wconf 81' lang='lat' dir='ltr'><strong>voluero,</strong></span> <span class='ocrx_word' id='word_1_7' title='bbox 661 469 734 508; x_wconf 89' lang='lat' dir='ltr'><strong>cum</strong></span> <span class='ocrx_word' id='word_1_8' title='bbox 753 458 842 508; x_wconf 89' lang='lat' dir='ltr'><strong>tanto</strong></span> <span class='ocrx_word' id='word_1_9' title='bbox 869 450 972 531; x_wconf 88' lang='lat' dir='ltr'><strong>pretio</strong></span> <span class='ocrx_word' id='word_1_10' title='bbox 1001 450 1166 512; x_wconf 81' lang='lat' dir='ltr'><strong>redimam.</strong></span> <span class='ocrx_word' id='word_1_11' title='bbox 1213 451 1302 512; x_wconf 80' lang='lat' dir='ltr'><strong>Post</strong></span> 
     </span>
     <span class='ocr_line' id='line_1_3' title="bbox 178 529 1301 608; baseline -0.007 -11"><span class='ocrx_word' id='word_1_12' title='bbox 178 537 300 598; x_wconf 88' lang='lat' dir='ltr'><strong>obitum</strong></span> <span class='ocrx_word' id='word_1_13' title='bbox 322 554 398 594; x_wconf 90' lang='lat' dir='ltr'><strong>vero</strong></span> <span class='ocrx_word' id='word_1_14' title='bbox 419 553 544 608; x_wconf 89' lang='lat' dir='ltr'><strong>meum,</strong></span> <span class='ocrx_word' id='word_1_15' title='bbox 567 531 593 591; x_wconf 90' lang='lat' dir='ltr'><strong>si</strong></span> <span class='ocrx_word' id='word_1_16' title='bbox 619 539 692 590; x_wconf 89' lang='lat' dir='ltr'><strong>ante</strong></span> <span class='ocrx_word' id='word_1_17' title='bbox 715 551 779 590; x_wconf 90' lang='lat' dir='ltr'><strong>non</strong></span> <span class='ocrx_word' id='word_1_18' title='bbox 801 529 980 608; x_wconf 84' lang='lat' dir='ltr'><strong>redimere,</strong></span> <span class='ocrx_word' id='word_1_19' title='bbox 1008 534 1119 592; x_wconf 87' lang='lat' dir='ltr'><strong>&#39;omnia</strong></span> <span class='ocrx_word' id='word_1_20' title='bbox 1141 533 1182 594; x_wconf 87' lang='lat' dir='ltr'><strong>ad</strong></span> <span class='ocrx_word' id='word_1_21' title='bbox 1208 533 1301 590; x_wconf 85' lang='lat' dir='ltr'><strong>iam-</strong></span> 
     </span>
     <span class='ocr_line' id='line_1_4' title="bbox 178 612 1298 695; baseline -0.005 -15"><span class='ocrx_word' id='word_1_22' title='bbox 178 619 298 680; x_wconf 85' lang='lat' dir='ltr'><strong>dictam</strong></span> <span class='ocrx_word' id='word_1_23' title='bbox 319 612 549 677; x_wconf 88' lang='lat' dir='ltr'><strong>Monasterium</strong></span> <span class='ocrx_word' id='word_1_24' title='bbox 570 612 705 672; x_wconf 90' lang='lat' dir='ltr'><strong>redeant</strong></span> <span class='ocrx_word' id='word_1_25' title='bbox 725 613 883 693; x_wconf 88' lang='lat' dir='ltr'><strong>perpetim</strong></span> <span class='ocrx_word' id='word_1_26' title='bbox 903 613 1103 695; x_wconf 85' lang='lat' dir='ltr'><strong>possidenda.</strong></span> <span class='ocrx_word' id='word_1_27' title='bbox 1147 615 1182 675; x_wconf 90' lang='lat' dir='ltr'><strong>Si</strong></span> <span class='ocrx_word' id='word_1_28' title='bbox 1216 615 1298 694; x_wconf 88' lang='lat' dir='ltr'><strong>quis</strong></span> 
     </span>
     <span class='ocr_line' id='line_1_5' title="bbox 177 693 1301 778; baseline -0.007 -16"><span class='ocrx_word' id='word_1_29' title='bbox 177 721 254 762; x_wconf 77' lang='lat' dir='ltr'><strong>sero</strong></span> <span class='ocrx_word' id='word_1_30' title='bbox 274 707 385 761; x_wconf 89' lang='lat' dir='ltr'><strong>contra</strong></span> <span class='ocrx_word' id='word_1_31' title='bbox 404 694 488 754; x_wconf 89' lang='lat' dir='ltr'><strong>hanc</strong></span> <span class='ocrx_word' id='word_1_32' title='bbox 512 693 688 755; x_wconf 77' lang='lat' dir='ltr'><strong>chartulam</strong></span> <span class='ocrx_word' id='word_1_33' title='bbox 710 693 890 754; x_wconf 78' lang='lat' dir='ltr'><strong>traditionis</strong></span> <span class='ocrx_word' id='word_1_34' title='bbox 909 695 1020 756; x_wconf 80' lang='lat' dir='ltr'><strong>venire</strong></span> <span class='ocrx_word' id='word_1_35' title='bbox 1043 705 1141 778; x_wconf 84' lang='lat' dir='ltr'><strong>atque</strong></span> <span class='ocrx_word' id='word_1_36' title='bbox 1164 697 1301 756; x_wconf 85' lang='lat' dir='ltr'><strong>inrurii-</strong></span> 
     </span>
     <span class='ocr_line' id='line_1_6' title="bbox 176 775 1300 865; baseline -0.004 -23"><span class='ocrx_word' id='word_1_37' title='bbox 176 804 253 865; x_wconf 82' lang='lat' dir='ltr'>pere</span> <span class='ocrx_word' id='word_1_38' title='bbox 274 778 457 853; x_wconf 86' lang='lat' dir='ltr'><strong>tentaverit,</strong></span> <span class='ocrx_word' id='word_1_39' title='bbox 479 776 535 836; x_wconf 85' lang='lat' dir='ltr'><strong>illa</strong></span> <span class='ocrx_word' id='word_1_40' title='bbox 557 775 657 835; x_wconf 87' lang='lat' dir='ltr'><strong>muita</strong></span> <span class='ocrx_word' id='word_1_41' title='bbox 677 785 846 856; x_wconf 89' lang='lat' dir='ltr'><strong>componat</strong></span> <span class='ocrx_word' id='word_1_42' title='bbox 866 776 949 836; x_wconf 87' lang='lat' dir='ltr'><strong>sicut</strong></span> <span class='ocrx_word' id='word_1_43' title='bbox 971 776 1004 834; x_wconf 92' lang='lat' dir='ltr'><strong>iu</strong></span> <span class='ocrx_word' id='word_1_44' title='bbox 1025 778 1110 860; x_wconf 83' lang='lat' dir='ltr'>Lege</span> <span class='ocrx_word' id='word_1_45' title='bbox 1130 779 1300 839; x_wconf 85' lang='lat' dir='ltr'><strong>Alaman-</strong></span> 
     </span>
     <span class='ocr_line' id='line_1_7' title="bbox 178 857 1129 942; baseline -0.002 -17"><span class='ocrx_word' id='word_1_46' title='bbox 178 885 293 925; x_wconf 85' lang='lat' dir='ltr'><strong>norum</strong></span> <span class='ocrx_word' id='word_1_47' title='bbox 317 860 512 923; x_wconf 85' lang='lat' dir='ltr'><strong>continetur.</strong></span> <span class='ocrx_word' id='word_1_48' title='bbox 553 857 670 919; x_wconf 80' lang='lat' dir='ltr'><strong>Actum</strong></span> <span class='ocrx_word' id='word_1_49' title='bbox 690 857 726 918; x_wconf 91' lang='lat' dir='ltr'><strong>iu</strong></span> <span class='ocrx_word' id='word_1_50' title='bbox 748 857 805 917; x_wconf 87' lang='lat' dir='ltr'><strong>ilio</strong></span> <span class='ocrx_word' id='word_1_51' title='bbox 828 860 900 920; x_wconf 91' lang='lat' dir='ltr'><strong>loco</strong></span> <span class='ocrx_word' id='word_1_52' title='bbox 920 858 1049 942; x_wconf 87' lang='lat' dir='ltr'><strong>publice</strong></span> <span class='ocrx_word' id='word_1_53' title='bbox 1070 871 1129 924; x_wconf 91' lang='lat' dir='ltr'><strong>etc.</strong></span> 
     </span>
    </p>

    <p class='ocr_par' dir='ltr' id='par_1_3' title="bbox 230 947 242 972">
     <span class='ocr_line' id='line_1_8' title="bbox 230 947 242 972; baseline 0 0"><span class='ocrx_word' id='word_1_54' title='bbox 230 947 242 972; x_wconf 73' lang='lat'><em>0</em></span> 
     </span>
    </p>
   </div>
   <div class='ocr_carea' id='block_1_3' title="bbox 629 989 821 1055">
    <p class='ocr_par' dir='ltr' id='par_1_4' title="bbox 629 989 821 1055">
     <span class='ocr_line' id='line_1_9' title="bbox 629 989 821 1055; baseline 0.021 -5"><span class='ocrx_word' id='word_1_55' title='bbox 629 989 821 1055; x_wconf 81' lang='lat' dir='ltr'><strong>Praestaria.</strong></span> 
     </span>
    </p>
   </div>
   <div class='ocr_carea' id='block_1_4' title="bbox 174 1102 1300 2576">
    <p class='ocr_par' dir='ltr' id='par_1_5' title="bbox 174 1102 1300 2576">
     <span class='ocr_line' id='line_1_10' title="bbox 257 1102 1300 1182; baseline -0.001 -13"><span class='ocrx_word' id='word_1_56' title='bbox 257 1107 374 1170; x_wconf 84' lang='lat' dir='ltr'><strong>XLVI.</strong></span> <span class='ocrx_word' id='word_1_57' title='bbox 416 1102 535 1166; x_wconf 81' lang='lat' dir='ltr'><strong>Christi</strong></span> <span class='ocrx_word' id='word_1_58' title='bbox 556 1103 643 1164; x_wconf 88' lang='lat' dir='ltr'><strong>enim</strong></span> <span class='ocrx_word' id='word_1_59' title='bbox 662 1104 790 1165; x_wconf 79' lang='lat' dir='ltr'><strong>favente</strong></span> <span class='ocrx_word' id='word_1_60' title='bbox 813 1103 996 1182; x_wconf 86' lang='lat' dir='ltr'><strong>clementia,</strong></span> <span class='ocrx_word' id='word_1_61' title='bbox 1015 1103 1071 1166; x_wconf 89' lang='lat' dir='ltr'><strong>iile</strong></span> <span class='ocrx_word' id='word_1_62' title='bbox 1096 1105 1207 1168; x_wconf 84' lang='lat' dir='ltr'><strong>Abbae</strong></span> <span class='ocrx_word' id='word_1_63' title='bbox 1225 1108 1300 1168; x_wconf 88' lang='grc' dir='ltr'><strong>Μο-</strong></span> 
     </span>
     <span class='ocr_line' id='line_1_11' title="bbox 179 1185 1299 1266; baseline 0 -18"><span class='ocrx_word' id='word_1_64' title='bbox 179 1189 309 1250; x_wconf 88' lang='lat' dir='ltr'><strong>nasterii</strong></span> <span class='ocrx_word' id='word_1_65' title='bbox 337 1187 424 1248; x_wconf 84' lang='lat' dir='ltr'><strong>iilius</strong></span> <span class='ocrx_word' id='word_1_66' title='bbox 445 1186 576 1266; x_wconf 77' lang='lat' dir='ltr'><strong>Sancti}</strong></span> <span class='ocrx_word' id='word_1_67' title='bbox 605 1185 768 1246; x_wconf 88' lang='lat' dir='ltr'><strong>Convenit</strong></span> <span class='ocrx_word' id='word_1_68' title='bbox 787 1207 851 1250; x_wconf 81' lang='lat' dir='ltr'><strong>una</strong></span> <span class='ocrx_word' id='word_1_69' title='bbox 869 1207 942 1246; x_wconf 88' lang='lat' dir='ltr'><strong>cum</strong></span> <span class='ocrx_word' id='word_1_70' title='bbox 963 1207 1127 1248; x_wconf 88' lang='lat' dir='ltr'><strong>consensu·</strong></span> <span class='ocrx_word' id='word_1_71' title='bbox 1144 1191 1299 1248; x_wconf 80' lang='lat' dir='ltr'><strong>fratrum</strong></span> 
     </span>
     <span class='ocr_line' id='line_1_12' title="bbox 178 1267 1296 1350; baseline 0 -19"><span class='ocrx_word' id='word_1_72' title='bbox 178 1282 359 1332; x_wconf 88' lang='lat' dir='ltr'><strong>nostrorum</strong></span> <span class='ocrx_word' id='word_1_73' title='bbox 389 1277 425 1328; x_wconf 92' lang='lat' dir='ltr'><strong>ut</strong></span> <span class='ocrx_word' id='word_1_74' title='bbox 454 1267 510 1327; x_wconf 86' lang='lat' dir='ltr'><strong>iiia</strong></span> <span class='ocrx_word' id='word_1_75' title='bbox 538 1267 715 1350; x_wconf 89' lang='lat' dir='ltr'><strong>mancipia,</strong></span> <span class='ocrx_word' id='word_1_76' title='bbox 744 1289 827 1348; x_wconf 90' lang='lat' dir='ltr'><strong>quae</strong></span> <span class='ocrx_word' id='word_1_77' title='bbox 854 1268 947 1329; x_wconf 87' lang='lat' dir='ltr'><strong>uobis</strong></span> <span class='ocrx_word' id='word_1_78' title='bbox 977 1269 1034 1328; x_wconf 87' lang='lat' dir='ltr'><strong>ille</strong></span> <span class='ocrx_word' id='word_1_79' title='bbox 1056 1268 1095 1328; x_wconf 91' lang='lat' dir='ltr'><strong>de</strong></span> <span class='ocrx_word' id='word_1_80' title='bbox 1124 1271 1186 1330; x_wconf 90' lang='lat' dir='ltr'><strong>illo</strong></span> <span class='ocrx_word' id='word_1_81' title='bbox 1215 1274 1296 1331; x_wconf 88' lang='lat' dir='ltr'><strong>loco</strong></span> 
     </span>
     <span class='ocr_line' id='line_1_13' title="bbox 178 1351 1296 1432; baseline 0 -18"><span class='ocrx_word' id='word_1_82' title='bbox 178 1353 319 1429; x_wconf 80' lang='lat' dir='ltr'><strong>tradidit,</strong></span> <span class='ocrx_word' id='word_1_83' title='bbox 343 1352 372 1412; x_wconf 90' lang='lat' dir='ltr'><strong>ei</strong></span> <span class='ocrx_word' id='word_1_84' title='bbox 397 1352 515 1411; x_wconf 89' lang='lat' dir='ltr'><strong>iterum</strong></span> <span class='ocrx_word' id='word_1_85' title='bbox 534 1371 592 1432; x_wconf 92' lang='lat' dir='ltr'><strong>per</strong></span> <span class='ocrx_word' id='word_1_86' title='bbox 610 1351 820 1431; x_wconf 88' lang='lat' dir='ltr'><strong>praestarium</strong></span> <span class='ocrx_word' id='word_1_87' title='bbox 841 1360 1116 1432; x_wconf 85' lang='lat' dir='ltr'><strong>repraestaremus,</strong></span> <span class='ocrx_word' id='word_1_88' title='bbox 1140 1374 1296 1432; x_wconf 88' lang='lat' dir='ltr'><strong>quorum</strong></span> 
     </span>
     <span class='ocr_line' id='line_1_14' title="bbox 177 1431 1295 1513; baseline 0.004 -19"><span class='ocrx_word' id='word_1_89' title='bbox 177 1434 257 1496; x_wconf 89' lang='lat' dir='ltr'><strong>hacc</strong></span> <span class='ocrx_word' id='word_1_90' title='bbox 278 1444 355 1495; x_wconf 90' lang='lat' dir='ltr'><strong>sunt</strong></span> <span class='ocrx_word' id='word_1_91' title='bbox 376 1431 524 1508; x_wconf 88' lang='lat' dir='ltr'><strong>nomina,</strong></span> <span class='ocrx_word' id='word_1_92' title='bbox 555 1432 650 1490; x_wconf 89' lang='lat' dir='ltr'><strong>illum</strong></span> <span class='ocrx_word' id='word_1_93' title='bbox 678 1442 710 1492; x_wconf 89' lang='lat' dir='ltr'><strong>et</strong></span> <span class='ocrx_word' id='word_1_94' title='bbox 737 1431 806 1492; x_wconf 90' lang='lat' dir='ltr'><strong>eius</strong></span> <span class='ocrx_word' id='word_1_95' title='bbox 827 1431 970 1492; x_wconf 89' lang='lat' dir='ltr'><strong>sobolem</strong></span> <span class='ocrx_word' id='word_1_96' title='bbox 994 1432 1044 1492; x_wconf 87' lang='lat' dir='ltr'><strong>his</strong></span> <span class='ocrx_word' id='word_1_97' title='bbox 1072 1437 1295 1513; x_wconf 88' lang='lat' dir='ltr'><strong>nominibus,</strong></span> 
     </span>
     <span class='ocr_line' id='line_1_15' title="bbox 177 1513 1294 1595; baseline 0 -17"><span class='ocrx_word' id='word_1_98' title='bbox 177 1518 231 1578; x_wconf 87' lang='lat' dir='ltr'><strong>sed</strong></span> <span class='ocrx_word' id='word_1_99' title='bbox 254 1515 419 1578; x_wconf 84' lang='lat' dir='ltr'><strong>extrahes</strong></span> <span class='ocrx_word' id='word_1_100' title='bbox 442 1536 542 1574; x_wconf 90' lang='lat' dir='ltr'><strong>uuum</strong></span> <span class='ocrx_word' id='word_1_101' title='bbox 564 1535 691 1575; x_wconf 88' lang='lat' dir='ltr'><strong>servum</strong></span> <span class='ocrx_word' id='word_1_102' title='bbox 712 1513 916 1595; x_wconf 84' lang='lat' dir='ltr'><strong>empticium,</strong></span> <span class='ocrx_word' id='word_1_103' title='bbox 938 1515 970 1574; x_wconf 90' lang='lat' dir='ltr'><strong>in</strong></span> <span class='ocrx_word' id='word_1_104' title='bbox 994 1535 1031 1574; x_wconf 87' lang='lat' dir='ltr'><strong>ea</strong></span> <span class='ocrx_word' id='word_1_105' title='bbox 1051 1515 1217 1578; x_wconf 83' lang='lat' dir='ltr'><strong>videlicet</strong></span> <span class='ocrx_word' id='word_1_106' title='bbox 1241 1542 1294 1578; x_wconf 90' lang='lat' dir='ltr'><strong>ra-</strong></span> 
     </span>
     <span class='ocr_line' id='line_1_16' title="bbox 176 1595 1295 1679; baseline 0.003 -21"><span class='ocrx_word' id='word_1_107' title='bbox 176 1599 265 1658; x_wconf 91' lang='lat' dir='ltr'><strong>tione</strong></span> <span class='ocrx_word' id='word_1_108' title='bbox 298 1607 334 1659; x_wconf 90' lang='lat' dir='ltr'><strong>ut</strong></span> <span class='ocrx_word' id='word_1_109' title='bbox 360 1618 396 1656; x_wconf 88' lang='lat' dir='ltr'><strong>ea</strong></span> <span class='ocrx_word' id='word_1_110' title='bbox 426 1595 541 1656; x_wconf 85' lang='lat' dir='ltr'><strong>habeat</strong></span> <span class='ocrx_word' id='word_1_111' title='bbox 566 1606 690 1676; x_wconf 85' lang='lat' dir='ltr'><strong>tempus</strong></span> <span class='ocrx_word' id='word_1_112' title='bbox 716 1597 798 1656; x_wconf 88' lang='lat' dir='ltr'><strong>vitae</strong></span> <span class='ocrx_word' id='word_1_113' title='bbox 828 1618 924 1672; x_wconf 84' lang='lat' dir='ltr'><strong>suae,</strong></span> <span class='ocrx_word' id='word_1_114' title='bbox 960 1617 1157 1679; x_wconf 83' lang='lat' dir='ltr'><strong>censumque</strong></span> <span class='ocrx_word' id='word_1_115' title='bbox 1191 1602 1295 1661; x_wconf 83' lang='lat' dir='ltr'><strong>aunis</strong></span> 
     </span>
     <span class='ocr_line' id='line_1_17' title="bbox 177 1677 1295 1765; baseline 0 -23"><span class='ocrx_word' id='word_1_116' title='bbox 177 1680 312 1762; x_wconf 81' lang='lat' dir='ltr'><strong>singulis</strong></span> <span class='ocrx_word' id='word_1_117' title='bbox 334 1679 409 1738; x_wconf 94' lang='lat' dir='ltr'><strong>inde</strong></span> <span class='ocrx_word' id='word_1_118' title='bbox 434 1679 548 1754; x_wconf 86' lang='lat' dir='ltr'><strong>solvat,</strong></span> <span class='ocrx_word' id='word_1_119' title='bbox 571 1687 604 1736; x_wconf 93' lang='lat' dir='ltr'><strong>et</strong></span> <span class='ocrx_word' id='word_1_120' title='bbox 625 1677 651 1736; x_wconf 94' lang='lat' dir='ltr'><strong>si</strong></span> <span class='ocrx_word' id='word_1_121' title='bbox 680 1677 838 1738; x_wconf 85' lang='lat' dir='ltr'><strong>redimere</strong></span> <span class='ocrx_word' id='word_1_122' title='bbox 862 1678 1013 1755; x_wconf 87' lang='lat' dir='ltr'><strong>voluerit,</strong></span> <span class='ocrx_word' id='word_1_123' title='bbox 1036 1701 1108 1740; x_wconf 91' lang='lat' dir='ltr'><strong>cum</strong></span> <span class='ocrx_word' id='word_1_124' title='bbox 1130 1681 1194 1741; x_wconf 89' lang='lat' dir='ltr'><strong>iiio</strong></span> <span class='ocrx_word' id='word_1_125' title='bbox 1213 1705 1295 1765; x_wconf 88' lang='lat' dir='ltr'><strong>pre-</strong></span> 
     </span>
     <span class='ocr_line' id='line_1_18' title="bbox 176 1758 1293 1840; baseline 0.001 -16"><span class='ocrx_word' id='word_1_126' title='bbox 176 1763 221 1824; x_wconf 91' lang='lat' dir='ltr'><strong>tio</strong></span> <span class='ocrx_word' id='word_1_127' title='bbox 243 1761 386 1823; x_wconf 87' lang='lat' dir='ltr'><strong>redimat.</strong></span> <span class='ocrx_word' id='word_1_128' title='bbox 428 1758 526 1820; x_wconf 88' lang='lat' dir='ltr'><strong>lllum</strong></span> <span class='ocrx_word' id='word_1_129' title='bbox 548 1779 622 1818; x_wconf 87' lang='lat' dir='ltr'><strong>vero</strong></span> <span class='ocrx_word' id='word_1_130' title='bbox 644 1780 737 1840; x_wconf 84' lang='lat' dir='ltr'><strong>supra</strong></span> <span class='ocrx_word' id='word_1_131' title='bbox 760 1759 956 1820; x_wconf 88' lang='lat' dir='ltr'><strong>nominatum</strong></span> <span class='ocrx_word' id='word_1_132' title='bbox 978 1782 1105 1822; x_wconf 84' lang='lat' dir='ltr'><strong>servum</strong></span> <span class='ocrx_word' id='word_1_133' title='bbox 1126 1763 1235 1824; x_wconf 84' lang='lat' dir='ltr'><strong>iiiam</strong></span> <span class='ocrx_word' id='word_1_134' title='bbox 1261 1766 1293 1825; x_wconf 92' lang='lat' dir='ltr'><strong>in</strong></span> 
     </span>
     <span class='ocr_line' id='line_1_19' title="bbox 176 1841 1295 1922; baseline 0 -16"><span class='ocrx_word' id='word_1_135' title='bbox 176 1845 315 1906; x_wconf 88' lang='lat' dir='ltr'><strong>eundem</strong></span> <span class='ocrx_word' id='word_1_136' title='bbox 338 1863 469 1904; x_wconf 89' lang='lat' dir='ltr'><strong>censum</strong></span> <span class='ocrx_word' id='word_1_137' title='bbox 491 1841 602 1900; x_wconf 88' lang='lat' dir='ltr'><strong>haheat</strong></span> <span class='ocrx_word' id='word_1_138' title='bbox 622 1850 745 1922; x_wconf 90' lang='lat' dir='ltr'><strong>tempus</strong></span> <span class='ocrx_word' id='word_1_139' title='bbox 766 1842 850 1902; x_wconf 84' lang='lat' dir='ltr'><strong>vitae</strong></span> <span class='ocrx_word' id='word_1_140' title='bbox 872 1864 945 1903; x_wconf 90' lang='lat' dir='ltr'><strong>suae</strong></span> <span class='ocrx_word' id='word_1_141' title='bbox 968 1867 975 1900; x_wconf 77' lang='grc' dir='ltr'><strong><em>ε</em></strong></span> <span class='ocrx_word' id='word_1_142' title='bbox 1007 1853 1039 1903; x_wconf 91' lang='lat' dir='ltr'><strong>et</strong></span> <span class='ocrx_word' id='word_1_143' title='bbox 1059 1843 1086 1904; x_wconf 86' lang='lat' dir='ltr'><strong>si</strong></span> <span class='ocrx_word' id='word_1_144' title='bbox 1117 1847 1295 1908; x_wconf 86' lang='lat' dir='ltr'><strong>redimere</strong></span> 
     </span>
     <span class='ocr_line' id='line_1_20' title="bbox 176 1921 1295 2003; baseline 0.001 -15"><span class='ocrx_word' id='word_1_145' title='bbox 176 1925 331 2002; x_wconf 82' lang='lat' dir='ltr'><strong>voluerit,</strong></span> <span class='ocrx_word' id='word_1_146' title='bbox 360 1945 433 1984; x_wconf 92' lang='lat' dir='ltr'><strong>cum</strong></span> <span class='ocrx_word' id='word_1_147' title='bbox 465 1923 523 1983; x_wconf 89' lang='lat' dir='ltr'><strong>ilio</strong></span> <span class='ocrx_word' id='word_1_148' title='bbox 545 1921 648 2003; x_wconf 86' lang='lat' dir='ltr'><strong>pretio</strong></span> <span class='ocrx_word' id='word_1_149' title='bbox 677 1925 821 1985; x_wconf 86' lang='lat' dir='ltr'><strong>redimat.</strong></span> <span class='ocrx_word' id='word_1_150' title='bbox 862 1927 938 1986; x_wconf 83' lang='lat' dir='ltr'><strong>Post</strong></span> <span class='ocrx_word' id='word_1_151' title='bbox 961 1925 1083 1984; x_wconf 87' lang='lat' dir='ltr'><strong>obitum</strong></span> <span class='ocrx_word' id='word_1_152' title='bbox 1108 1947 1190 1988; x_wconf 84' lang='lat' dir='ltr'><strong>vero</strong></span> <span class='ocrx_word' id='word_1_153' title='bbox 1220 1931 1295 1989; x_wconf 89' lang='lat' dir='ltr'><strong>eius</strong></span> 
     </span>
     <span class='ocr_line' id='line_1_21' title="bbox 176 2005 1294 2092; baseline 0.002 -23"><span class='ocrx_word' id='word_1_154' title='bbox 176 2008 282 2069; x_wconf 90' lang='lat' dir='ltr'><strong>omnia</strong></span> <span class='ocrx_word' id='word_1_155' title='bbox 304 2007 343 2067; x_wconf 92' lang='lat' dir='ltr'><strong>ad</strong></span> <span class='ocrx_word' id='word_1_156' title='bbox 370 2027 465 2086; x_wconf 87' lang='lat' dir='ltr'><strong>supra</strong></span> <span class='ocrx_word' id='word_1_157' title='bbox 485 2006 605 2065; x_wconf 90' lang='lat' dir='ltr'><strong>dictum</strong></span> <span class='ocrx_word' id='word_1_158' title='bbox 626 2005 856 2067; x_wconf 87' lang='lat' dir='ltr'><strong>Monasterium</strong></span> <span class='ocrx_word' id='word_1_159' title='bbox 877 2007 1010 2070; x_wconf 86' lang='lat' dir='ltr'><strong>redeant</strong></span> <span class='ocrx_word' id='word_1_160' title='bbox 1029 2009 1191 2088; x_wconf 88' lang='lat' dir='ltr'><strong>perpetim</strong></span> <span class='ocrx_word' id='word_1_161' title='bbox 1214 2034 1294 2092; x_wconf 91' lang='lat' dir='ltr'><strong>pos·</strong></span> 
     </span>
     <span class='ocr_line' id='line_1_22' title="bbox 174 2087 1295 2170; baseline 0.002 -18"><span class='ocrx_word' id='word_1_162' title='bbox 174 2090 326 2164; x_wconf 89' lang='lat' dir='ltr'><strong>sidenda,</strong></span> <span class='ocrx_word' id='word_1_163' title='bbox 353 2089 378 2149; x_wconf 91' lang='lat' dir='ltr'><strong>si</strong></span> <span class='ocrx_word' id='word_1_164' title='bbox 403 2096 476 2147; x_wconf 87' lang='lat' dir='ltr'><strong>ante</strong></span> <span class='ocrx_word' id='word_1_165' title='bbox 506 2109 570 2148; x_wconf 90' lang='lat' dir='ltr'><strong>non</strong></span> <span class='ocrx_word' id='word_1_166' title='bbox 598 2087 779 2152; x_wconf 88' lang='lat' dir='ltr'><strong>redemerit.</strong></span> <span class='ocrx_word' id='word_1_167' title='bbox 821 2089 937 2148; x_wconf 83' lang='lat' dir='ltr'><strong>Actum</strong></span> <span class='ocrx_word' id='word_1_168' title='bbox 966 2089 998 2147; x_wconf 92' lang='lat' dir='ltr'><strong>in</strong></span> <span class='ocrx_word' id='word_1_169' title='bbox 1027 2091 1094 2170; x_wconf 90' lang='lat' dir='ltr'><strong>ipso</strong></span> <span class='ocrx_word' id='word_1_170' title='bbox 1115 2091 1295 2154; x_wconf 79' lang='lat' dir='ltr'><strong>monaste-</strong></span> 
     </span>
     <span class='ocr_line' id='line_1_23' title="bbox 177 2168 1294 2252; baseline 0.004 -22"><span class='ocrx_word' id='word_1_171' title='bbox 177 2173 227 2231; x_wconf 91' lang='lat' dir='ltr'><strong>rio</strong></span> <span class='ocrx_word' id='word_1_172' title='bbox 246 2170 387 2252; x_wconf 86' lang='lat' dir='ltr'><strong>publice,</strong></span> <span class='ocrx_word' id='word_1_173' title='bbox 409 2169 629 2250; x_wconf 87' lang='lat' dir='ltr'><strong>praesentibus</strong></span> <span class='ocrx_word' id='word_1_174' title='bbox 657 2168 723 2228; x_wconf 87' lang='lat' dir='ltr'><strong>istis</strong></span> <span class='ocrx_word' id='word_1_175' title='bbox 746 2191 884 2250; x_wconf 89' lang='lat' dir='ltr'><strong>quorum</strong></span> <span class='ocrx_word' id='word_1_176' title='bbox 911 2170 965 2231; x_wconf 91' lang='lat' dir='ltr'><strong>hic</strong></span> <span class='ocrx_word' id='word_1_177' title='bbox 993 2171 1158 2252; x_wconf 84' lang='lat' dir='ltr'><strong>signacula</strong></span> <span class='ocrx_word' id='word_1_178' title='bbox 1179 2177 1294 2234; x_wconf 88' lang='lat' dir='ltr'><strong>conti-</strong></span> 
     </span>
     <span class='ocr_line' id='line_1_24' title="bbox 178 2250 1293 2333; baseline 0.004 -23"><span class='ocrx_word' id='word_1_179' title='bbox 178 2261 306 2312; x_wconf 88' lang='lat' dir='ltr'><strong>nentur.</strong></span> <span class='ocrx_word' id='word_1_180' title='bbox 348 2252 483 2332; x_wconf 85' lang='lat' dir='ltr'><strong>Signum</strong></span> <span class='ocrx_word' id='word_1_181' title='bbox 503 2250 643 2324; x_wconf 91' lang='lat' dir='ltr'><strong>Decani,</strong></span> <span class='ocrx_word' id='word_1_182' title='bbox 665 2251 852 2332; x_wconf 83' lang='lat' dir='ltr'><strong>Praepositi,</strong></span> <span class='ocrx_word' id='word_1_183' title='bbox 877 2253 1045 2313; x_wconf 85' lang='lat' dir='ltr'><strong>Cellararii</strong></span> <span class='ocrx_word' id='word_1_184' title='bbox 1057 2297 1066 2328; x_wconf 93' lang='lat'><strong>,</strong></span> <span class='ocrx_word' id='word_1_185' title='bbox 1089 2255 1293 2333; x_wconf 82' lang='lat' dir='ltr'><strong>sacratarii,</strong></span> 
     </span>
     <span class='ocr_line' id='line_1_25' title="bbox 177 2332 1292 2420; baseline 0.004 -25"><span class='ocrx_word' id='word_1_186' title='bbox 177 2333 326 2407; x_wconf 86' lang='lat' dir='ltr'><strong>Portarii,</strong></span> <span class='ocrx_word' id='word_1_187' title='bbox 354 2332 742 2413; x_wconf 86' lang='lat' dir='ltr'><strong>Hospitarii,Came1·arii.</strong></span> <span class='ocrx_word' id='word_1_188' title='bbox 785 2334 849 2411; x_wconf 70' lang='lat' dir='ltr'><strong>sig.</strong></span> <span class='ocrx_word' id='word_1_189' title='bbox 872 2335 1007 2394; x_wconf 87' lang='lat' dir='ltr'><strong>aliorum</strong></span> <span class='ocrx_word' id='word_1_190' title='bbox 1029 2335 1168 2400; x_wconf 84' lang='lat' dir='ltr'><strong>testium.</strong></span> <span class='ocrx_word' id='word_1_191' title='bbox 1218 2341 1292 2420; x_wconf 82' lang='lat' dir='ltr'><strong>Ego</strong></span> 
     </span>
     <span class='ocr_line' id='line_1_26' title="bbox 177 2414 1293 2495; baseline 0.004 -21"><span class='ocrx_word' id='word_1_192' title='bbox 177 2415 284 2495; x_wconf 88' lang='lat' dir='ltr'><strong>itaque</strong></span> <span class='ocrx_word' id='word_1_193' title='bbox 314 2414 370 2472; x_wconf 87' lang='lat' dir='ltr'><strong>ille</strong></span> <span class='ocrx_word' id='word_1_194' title='bbox 401 2414 514 2495; x_wconf 86' lang='lat' dir='ltr'><strong>scripsi</strong></span> <span class='ocrx_word' id='word_1_195' title='bbox 543 2423 575 2474; x_wconf 91' lang='lat' dir='ltr'><strong>et</strong></span> <span class='ocrx_word' id='word_1_196' title='bbox 604 2414 785 2494; x_wconf 87' lang='lat' dir='ltr'><strong>subscripsi.</strong></span> <span class='ocrx_word' id='word_1_197' title='bbox 826 2417 940 2476; x_wconf 80' lang='lat' dir='ltr'><strong>Notavi</strong></span> <span class='ocrx_word' id='word_1_198' title='bbox 971 2418 1057 2477; x_wconf 89' lang='lat' dir='ltr'><strong>diem</strong></span> <span class='ocrx_word' id='word_1_199' title='bbox 1079 2417 1196 2495; x_wconf 88' lang='lat' dir='ltr'><strong>ilium,</strong></span> <span class='ocrx_word' id='word_1_200' title='bbox 1234 2423 1293 2482; x_wconf 87' lang='lat' dir='ltr'><strong>illa</strong></span> 
     </span>
     <span class='ocr_line' id='line_1_27' title="bbox 177 2495 1155 2576; baseline 0.001 -19"><span class='ocrx_word' id='word_1_201' title='bbox 177 2497 266 2574; x_wconf 89' lang='lat' dir='ltr'><strong>data,</strong></span> <span class='ocrx_word' id='word_1_202' title='bbox 295 2515 379 2554; x_wconf 91' lang='lat' dir='ltr'><strong>anno</strong></span> <span class='ocrx_word' id='word_1_203' title='bbox 413 2495 470 2554; x_wconf 89' lang='lat' dir='ltr'><strong>illo</strong></span> <span class='ocrx_word' id='word_1_204' title='bbox 498 2495 585 2555; x_wconf 90' lang='lat' dir='ltr'><strong>iilius</strong></span> <span class='ocrx_word' id='word_1_205' title='bbox 609 2496 821 2576; x_wconf 86' lang='lat' dir='ltr'><strong>Imperatoris,</strong></span> <span class='ocrx_word' id='word_1_206' title='bbox 844 2497 902 2556; x_wconf 89' lang='lat' dir='ltr'><strong>sub</strong></span> <span class='ocrx_word' id='word_1_207' title='bbox 931 2499 988 2560; x_wconf 87' lang='lat' dir='ltr'><strong>iilo</strong></span> <span class='ocrx_word' id='word_1_208' title='bbox 1020 2501 1155 2560; x_wconf 89' lang='lat' dir='ltr'><strong>Comite.</strong></span> 
     </span>
    </p>
   </div>
   <div class='ocr_carea' id='block_1_5' title="bbox 532 2622 926 2692">
    <p class='ocr_par' dir='ltr' id='par_1_6' title="bbox 532 2622 926 2692">
     <span class='ocr_line' id='line_1_28' title="bbox 532 2622 926 2692; baseline 0.008 -10"><span class='ocrx_word' id='word_1_209' title='bbox 532 2622 713 2684; x_wconf 85' lang='lat' dir='ltr'><strong>Vindicatio</strong></span> <span class='ocrx_word' id='word_1_210' title='bbox 736 2625 926 2692; x_wconf 82' lang='lat' dir='ltr'><strong>traditionis,</strong></span> 
     </span>
    </p>
   </div>
   <div class='ocr_carea' id='block_1_6' title="bbox 140 2737 1295 4308">
    <p class='ocr_par' dir='ltr' id='par_1_7' title="bbox 140 2737 1295 4308">
     <span class='ocr_line' id='line_1_29' title="bbox 258 2737 1292 2826; baseline -0.002 -26"><span class='ocrx_word' id='word_1_211' title='bbox 258 2737 391 2803; x_wconf 83' lang='lat' dir='ltr'>XLVII.</span> <span class='ocrx_word' id='word_1_212' title='bbox 432 2741 517 2798; x_wconf 90' lang='lat' dir='ltr'><strong>Dum</strong></span> <span class='ocrx_word' id='word_1_213' title='bbox 549 2747 673 2799; x_wconf 88' lang='lat' dir='ltr'><strong>constet</strong></span> <span class='ocrx_word' id='word_1_214' title='bbox 706 2738 851 2820; x_wconf 84' lang='lat' dir='ltr'><strong>plurimis</strong></span> <span class='ocrx_word' id='word_1_215' title='bbox 881 2743 967 2822; x_wconf 88' lang='lat' dir='ltr'><strong>qnod</strong></span> <span class='ocrx_word' id='word_1_216' title='bbox 990 2745 1179 2826; x_wconf 60' lang='lat' dir='ltr'><strong>dzquodam</strong></span> <span class='ocrx_word' id='word_1_217' title='bbox 1227 2750 1292 2810; x_wconf 74' lang='lat' dir='ltr'><strong>ho.</strong></span> 
     </span>
     <span class='ocr_line' id='line_1_30' title="bbox 178 2820 1292 2911; baseline 0.003 -29"><span class='ocrx_word' id='word_1_218' title='bbox 178 2822 264 2882; x_wconf 88' lang='lat' dir='ltr'><strong>mine</strong></span> <span class='ocrx_word' id='word_1_219' title='bbox 298 2821 427 2882; x_wconf 88' lang='lat' dir='ltr'><strong>nomine</strong></span> <span class='ocrx_word' id='word_1_220' title='bbox 456 2820 514 2880; x_wconf 92' lang='lat' dir='ltr'><strong>illo</strong></span> <span class='ocrx_word' id='word_1_221' title='bbox 538 2821 717 2882; x_wconf 87' lang='lat' dir='ltr'><strong>Advocatus</strong></span> <span class='ocrx_word' id='word_1_222' title='bbox 739 2823 887 2884; x_wconf 88' lang='lat' dir='ltr'><strong>coenobii</strong></span> <span class='ocrx_word' id='word_1_223' title='bbox 920 2827 1029 2886; x_wconf 78' lang='lat' dir='ltr'><strong>Sancti</strong></span> <span class='ocrx_word' id='word_1_224' title='bbox 1063 2828 1183 2905; x_wconf 86' lang='lat' dir='ltr'><strong>iliius,</strong></span> <span class='ocrx_word' id='word_1_225' title='bbox 1227 2855 1292 2911; x_wconf 82' lang='lat' dir='ltr'><strong>pro</strong></span> 
     </span>
     <span class='ocr_line' id='line_1_31' title="bbox 178 2903 1295 2988; baseline 0.006 -21"><span class='ocrx_word' id='word_1_226' title='bbox 178 2904 373 2986; x_wconf 23' lang='lat' dir='ltr'><strong>rebusiquas</strong></span> <span class='ocrx_word' id='word_1_227' title='bbox 401 2903 456 2964; x_wconf 88' lang='lat' dir='ltr'><strong>ille</strong></span> <span class='ocrx_word' id='word_1_228' title='bbox 483 2903 516 2961; x_wconf 91' lang='lat' dir='ltr'><strong>in</strong></span> <span class='ocrx_word' id='word_1_229' title='bbox 547 2903 605 2962; x_wconf 90' lang='lat' dir='ltr'><strong>illo</strong></span> <span class='ocrx_word' id='word_1_230' title='bbox 627 2904 699 2963; x_wconf 90' lang='lat' dir='ltr'><strong>loco</strong></span> <span class='ocrx_word' id='word_1_231' title='bbox 725 2905 798 2964; x_wconf 89' lang='lat' dir='ltr'><strong>sitas</strong></span> <span class='ocrx_word' id='word_1_232' title='bbox 823 2907 863 2966; x_wconf 88' lang='lat' dir='ltr'><strong>ad</strong></span> <span class='ocrx_word' id='word_1_233' title='bbox 894 2917 1016 2988; x_wconf 88' lang='lat' dir='ltr'><strong>partem</strong></span> <span class='ocrx_word' id='word_1_234' title='bbox 1047 2909 1189 2972; x_wconf 90' lang='lat' dir='ltr'><strong>iamdicti</strong></span> <span class='ocrx_word' id='word_1_235' title='bbox 1220 2917 1295 2974; x_wconf 89' lang='lat' dir='ltr'><strong>Mo-</strong></span> 
     </span>
     <span class='ocr_line' id='line_1_32' title="bbox 185 2985 1295 3076; baseline -0.004 -28"><span class='ocrx_word' id='word_1_236' title='bbox 185 2985 317 3048; x_wconf 87' lang='lat' dir='ltr'><strong>uasterii</strong></span> <span class='ocrx_word' id='word_1_237' title='bbox 335 2985 559 3062; x_wconf 42' lang='lat' dir='ltr'><strong>scontradidit,</strong></span> <span class='ocrx_word' id='word_1_238' title='bbox 598 2986 788 3066; x_wconf 82' lang='lat' dir='ltr'><strong>frequenter</strong></span> <span class='ocrx_word' id='word_1_239' title='bbox 815 3009 873 3068; x_wconf 73' lang='lat' dir='ltr'><strong>pro</strong></span> <span class='ocrx_word' id='word_1_240' title='bbox 902 2989 967 3050; x_wconf 89' lang='lat' dir='ltr'><strong>illis</strong></span> <span class='ocrx_word' id='word_1_241' title='bbox 1000 2991 1096 3052; x_wconf 90' lang='lat' dir='ltr'><strong>rebus</strong></span> <span class='ocrx_word' id='word_1_242' title='bbox 1124 2992 1295 3076; x_wconf 79' lang='lat' dir='ltr'><strong>interpel.</strong></span> 
     </span>
     <span class='ocr_line' id='line_1_33' title="bbox 179 3069 1294 3153; baseline -0.004 -24"><span class='ocrx_word' id='word_1_243' title='bbox 179 3072 260 3130; x_wconf 88' lang='lat' dir='ltr'><strong>latus</strong></span> <span class='ocrx_word' id='word_1_244' title='bbox 281 3077 338 3133; x_wconf 88' lang='lat' dir='ltr'><strong>est.</strong></span> <span class='ocrx_word' id='word_1_245' title='bbox 380 3070 452 3146; x_wconf 90' lang='lat' dir='ltr'><strong>Qua</strong></span> <span class='ocrx_word' id='word_1_246' title='bbox 480 3088 520 3128; x_wconf 85' lang='lat' dir='ltr'><strong>ex</strong></span> <span class='ocrx_word' id='word_1_247' title='bbox 542 3088 577 3127; x_wconf 87' lang='lat' dir='ltr'><strong>re</strong></span> <span class='ocrx_word' id='word_1_248' title='bbox 591 3069 753 3148; x_wconf 83' lang='lat' dir='ltr'><strong>&#39;utrinque</strong></span> <span class='ocrx_word' id='word_1_249' title='bbox 778 3071 970 3150; x_wconf 82' lang='lat' dir='ltr'><strong>complacuit</strong></span> <span class='ocrx_word' id='word_1_250' title='bbox 991 3083 1094 3153; x_wconf 86' lang='lat' dir='ltr'><strong>atque</strong></span> <span class='ocrx_word' id='word_1_251' title='bbox 1122 3079 1294 3138; x_wconf 69' lang='lat' dir='ltr'><strong>convenit</strong></span> 
     </span>
     <span class='ocr_line' id='line_1_34' title="bbox 177 3149 1292 3241; baseline 0.004 -30"><span class='ocrx_word' id='word_1_252' title='bbox 177 3160 214 3211; x_wconf 92' lang='lat' dir='ltr'><strong>ut</strong></span> <span class='ocrx_word' id='word_1_253' title='bbox 236 3150 426 3211; x_wconf 80' lang='lat' dir='ltr'><strong>devitandae</strong></span> <span class='ocrx_word' id='word_1_254' title='bbox 442 3149 593 3230; x_wconf 87' lang='lat' dir='ltr'><strong>deinceps</strong></span> <span class='ocrx_word' id='word_1_255' title='bbox 608 3171 700 3210; x_wconf 90' lang='lat' dir='ltr'><strong>causa</strong></span> <span class='ocrx_word' id='word_1_256' title='bbox 720 3153 935 3212; x_wconf 90' lang='lat' dir='ltr'><strong>contentionis</strong></span> <span class='ocrx_word' id='word_1_257' title='bbox 956 3157 1113 3234; x_wconf 81' lang='lat' dir='ltr'><strong>praefatae</strong></span> <span class='ocrx_word' id='word_1_258' title='bbox 1134 3179 1201 3234; x_wconf 89' lang='lat' dir='ltr'><strong>res,</strong></span> <span class='ocrx_word' id='word_1_259' title='bbox 1226 3181 1292 3241; x_wconf 84' lang='lat' dir='ltr'><strong>pro</strong></span> 
     </span>
     <span class='ocr_line' id='line_1_35' title="bbox 179 3231 1292 3323; baseline -0.004 -30"><span class='ocrx_word' id='word_1_260' title='bbox 179 3233 295 3314; x_wconf 88' lang='lat' dir='ltr'><strong>quibus</strong></span> <span class='ocrx_word' id='word_1_261' title='bbox 318 3253 375 3292; x_wconf 91' lang='lat' dir='ltr'><strong>nos</strong></span> <span class='ocrx_word' id='word_1_262' title='bbox 404 3242 436 3292; x_wconf 90' lang='lat' dir='ltr'><strong>et</strong></span> <span class='ocrx_word' id='word_1_263' title='bbox 455 3231 651 3291; x_wconf 85' lang='lat' dir='ltr'><strong>Advocatum</strong></span> <span class='ocrx_word' id='word_1_264' title='bbox 676 3240 818 3290; x_wconf 85' lang='lat' dir='ltr'><strong>nostrum</strong></span> <span class='ocrx_word' id='word_1_265' title='bbox 841 3233 1042 3315; x_wconf 88' lang='lat' dir='ltr'><strong>interpellat,</strong></span> <span class='ocrx_word' id='word_1_266' title='bbox 1065 3239 1103 3298; x_wconf 88' lang='lat' dir='ltr'><strong>ad</strong></span> <span class='ocrx_word' id='word_1_267' title='bbox 1125 3260 1184 3299; x_wconf 92' lang='lat' dir='ltr'><strong>nos</strong></span> <span class='ocrx_word' id='word_1_268' title='bbox 1211 3244 1292 3323; x_wconf 69' lang='lat' dir='ltr'><strong>ple.</strong></span> 
     </span>
     <span class='ocr_line' id='line_1_36' title="bbox 178 3313 1292 3404; baseline -0.004 -30"><span class='ocrx_word' id='word_1_269' title='bbox 178 3316 263 3375; x_wconf 88' lang='lat' dir='ltr'><strong>niter</strong></span> <span class='ocrx_word' id='word_1_270' title='bbox 285 3313 317 3372; x_wconf 92' lang='lat' dir='ltr'><strong>id</strong></span> <span class='ocrx_word' id='word_1_271' title='bbox 340 3324 386 3374; x_wconf 88' lang='lat' dir='ltr'><strong>est</strong></span> <span class='ocrx_word' id='word_1_272' title='bbox 407 3313 446 3372; x_wconf 89' lang='lat' dir='ltr'><strong>ad</strong></span> <span class='ocrx_word' id='word_1_273' title='bbox 467 3321 651 3394; x_wconf 75' lang='lat' dir='ltr'><strong>potestatem</strong></span> <span class='ocrx_word' id='word_1_274' title='bbox 671 3314 856 3374; x_wconf 88' lang='lat' dir='ltr'><strong>Monasterii</strong></span> <span class='ocrx_word' id='word_1_275' title='bbox 879 3318 1013 3376; x_wconf 86' lang='lat' dir='ltr'><strong>redeant</strong></span> <span class='ocrx_word' id='word_1_276' title='bbox 1032 3321 1189 3400; x_wconf 87' lang='lat' dir='ltr'><strong>perpetim</strong></span> <span class='ocrx_word' id='word_1_277' title='bbox 1206 3347 1292 3404; x_wconf 69' lang='lat' dir='ltr'><strong>pos.</strong></span> 
     </span>
     <span class='ocr_line' id='line_1_37' title="bbox 175 3394 1292 3484; baseline -0.004 -27"><span class='ocrx_word' id='word_1_278' title='bbox 175 3396 339 3472; x_wconf 87' lang='lat' dir='ltr'><strong>sidendae,</strong></span> <span class='ocrx_word' id='word_1_279' title='bbox 354 3395 550 3476; x_wconf 88' lang='lat' dir='ltr'><strong>accipiatque</strong></span> <span class='ocrx_word' id='word_1_280' title='bbox 571 3396 588 3452; x_wconf 82' lang='lat' dir='ltr'><strong>ai</strong></span> <span class='ocrx_word' id='word_1_281' title='bbox 609 3405 698 3476; x_wconf 90' lang='lat' dir='ltr'><strong>parte</strong></span> <span class='ocrx_word' id='word_1_282' title='bbox 719 3394 862 3456; x_wconf 88' lang='lat' dir='ltr'><strong>eiusdem</strong></span> <span class='ocrx_word' id='word_1_283' title='bbox 880 3399 1065 3460; x_wconf 88' lang='lat' dir='ltr'><strong>Monasterii</strong></span> <span class='ocrx_word' id='word_1_284' title='bbox 1087 3402 1200 3484; x_wconf 86' lang='lat' dir='ltr'><strong>aliquo</strong></span> <span class='ocrx_word' id='word_1_285' title='bbox 1222 3417 1292 3466; x_wconf 67' lang='lat' dir='ltr'><strong>tgr.</strong></span> 
     </span>
     <span class='ocr_line' id='line_1_38' title="bbox 176 3475 1290 3565; baseline 0.009 -27"><span class='ocrx_word' id='word_1_286' title='bbox 176 3479 324 3538; x_wconf 89' lang='lat' dir='ltr'><strong>ritorium</strong></span> <span class='ocrx_word' id='word_1_287' title='bbox 346 3477 376 3535; x_wconf 93' lang='lat' dir='ltr'><strong>in</strong></span> <span class='ocrx_word' id='word_1_288' title='bbox 401 3476 541 3537; x_wconf 88' lang='lat' dir='ltr'><strong>confinio</strong></span> <span class='ocrx_word' id='word_1_289' title='bbox 554 3477 650 3536; x_wconf 89' lang='lat' dir='ltr'><strong>villae</strong></span> <span class='ocrx_word' id='word_1_290' title='bbox 673 3475 760 3538; x_wconf 89' lang='lat' dir='ltr'><strong>iliius</strong></span> <span class='ocrx_word' id='word_1_291' title='bbox 777 3480 903 3539; x_wconf 89' lang='lat' dir='ltr'><strong>nomine</strong></span> <span class='ocrx_word' id='word_1_292' title='bbox 924 3496 1117 3563; x_wconf 87' lang='lat' dir='ltr'><strong>nuncupata,</strong></span> <span class='ocrx_word' id='word_1_293' title='bbox 1140 3485 1205 3546; x_wconf 92' lang='lat' dir='ltr'><strong>hoc</strong></span> <span class='ocrx_word' id='word_1_294' title='bbox 1224 3499 1290 3565; x_wconf 87' lang='lat' dir='ltr'><strong>est,</strong></span> 
     </span>
     <span class='ocr_line' id='line_1_39' title="bbox 140 3558 1290 3649; baseline 0.01 -30"><span class='ocrx_word' id='word_1_295' title='bbox 140 3623 141 3629; x_wconf 9' lang='grc' dir='ltr'>χ</span> <span class='ocrx_word' id='word_1_296' title='bbox 175 3560 310 3620; x_wconf 90' lang='lat' dir='ltr'><strong>totidem</strong></span> <span class='ocrx_word' id='word_1_297' title='bbox 341 3559 474 3634; x_wconf 89' lang='lat' dir='ltr'><strong>inchos,</strong></span> <span class='ocrx_word' id='word_1_298' title='bbox 506 3558 566 3618; x_wconf 90' lang='lat' dir='ltr'><strong>sub</strong></span> <span class='ocrx_word' id='word_1_299' title='bbox 595 3559 651 3618; x_wconf 88' lang='lat' dir='ltr'><strong>tali</strong></span> <span class='ocrx_word' id='word_1_300' title='bbox 679 3563 893 3621; x_wconf 87' lang='lat' dir='ltr'><strong>conventione</strong></span> <span class='ocrx_word' id='word_1_301' title='bbox 930 3574 966 3623; x_wconf 91' lang='lat' dir='ltr'><strong>ut</strong></span> <span class='ocrx_word' id='word_1_302' title='bbox 999 3566 1093 3624; x_wconf 91' lang='lat' dir='ltr'><strong>etiam</strong></span> <span class='ocrx_word' id='word_1_303' title='bbox 1122 3566 1290 3649; x_wconf 90' lang='lat' dir='ltr'><strong>deinceps</strong></span> 
     </span>
     <span class='ocr_line' id='line_1_40' title="bbox 176 3639 1289 3725; baseline 0.004 -25"><span class='ocrx_word' id='word_1_304' title='bbox 176 3651 290 3700; x_wconf 86' lang='lat' dir='ltr'><strong>neutra</strong></span> <span class='ocrx_word' id='word_1_305' title='bbox 303 3641 402 3700; x_wconf 89' lang='lat' dir='ltr'><strong>ullam</strong></span> <span class='ocrx_word' id='word_1_306' title='bbox 413 3639 669 3720; x_wconf 89' lang='lat' dir='ltr'><strong>inquietudinem</strong></span> <span class='ocrx_word' id='word_1_307' title='bbox 683 3661 737 3700; x_wconf 90' lang='lat' dir='ltr'><strong>seu</strong></span> <span class='ocrx_word' id='word_1_308' title='bbox 753 3644 977 3724; x_wconf 86' lang='lat' dir='ltr'><strong>repetitionem</strong></span> <span class='ocrx_word' id='word_1_309' title='bbox 996 3647 1155 3722; x_wconf 80' lang='lat' dir='ltr'><strong>moliatur.</strong></span> <span class='ocrx_word' id='word_1_310' title='bbox 1177 3652 1289 3725; x_wconf 87' lang='lat' dir='ltr'><strong>Quod</strong></span> 
     </span>
     <span class='ocr_line' id='line_1_41' title="bbox 175 3721 1290 3812; baseline 0.007 -30"><span class='ocrx_word' id='word_1_311' title='bbox 175 3724 201 3782; x_wconf 86' lang='lat' dir='ltr'><strong>si</strong></span> <span class='ocrx_word' id='word_1_312' title='bbox 224 3721 409 3782; x_wconf 86' lang='lat' dir='ltr'><strong>inchoatum</strong></span> <span class='ocrx_word' id='word_1_313' title='bbox 430 3722 545 3796; x_wconf 89' lang='lat' dir='ltr'><strong>fuerit,</strong></span> <span class='ocrx_word' id='word_1_314' title='bbox 577 3722 622 3781; x_wconf 91' lang='lat' dir='ltr'><strong>sic</strong></span> <span class='ocrx_word' id='word_1_315' title='bbox 647 3733 725 3781; x_wconf 86' lang='lat' dir='ltr'><strong>tunc</strong></span> <span class='ocrx_word' id='word_1_316' title='bbox 752 3747 823 3805; x_wconf 88' lang='lat' dir='ltr'><strong>pars</strong></span> <span class='ocrx_word' id='word_1_317' title='bbox 845 3725 937 3786; x_wconf 87' lang='lat' dir='ltr'><strong>alteri</strong></span> <span class='ocrx_word' id='word_1_318' title='bbox 959 3738 1082 3788; x_wconf 84' lang='lat' dir='ltr'><strong>tantum</strong></span> <span class='ocrx_word' id='word_1_319' title='bbox 1104 3733 1290 3812; x_wconf 84' lang='lat' dir='ltr'><strong>culpabilis</strong></span> 
     </span>
     <span class='ocr_line' id='line_1_42' title="bbox 175 3803 1289 3891; baseline -0.006 -26"><span class='ocrx_word' id='word_1_320' title='bbox 175 3817 330 3886; x_wconf 89' lang='lat' dir='ltr'><strong>quantum</strong></span> <span class='ocrx_word' id='word_1_321' title='bbox 351 3803 491 3886; x_wconf 84' lang='lat' dir='ltr'><strong>expetit,</strong></span> <span class='ocrx_word' id='word_1_322' title='bbox 521 3813 552 3863; x_wconf 90' lang='lat' dir='ltr'><strong>et</strong></span> <span class='ocrx_word' id='word_1_323' title='bbox 573 3805 656 3882; x_wconf 86' lang='lat' dir='ltr'><strong>quod</strong></span> <span class='ocrx_word' id='word_1_324' title='bbox 688 3806 771 3864; x_wconf 91' lang='lat' dir='ltr'><strong>malo</strong></span> <span class='ocrx_word' id='word_1_325' title='bbox 799 3807 928 3888; x_wconf 87' lang='lat' dir='ltr'><strong>iugenio</strong></span> <span class='ocrx_word' id='word_1_326' title='bbox 951 3811 1068 3891; x_wconf 79' lang='lat' dir='ltr'><strong>repetit</strong></span> <span class='ocrx_word' id='word_1_327' title='bbox 1089 3814 1289 3876; x_wconf 55' lang='lat' dir='ltr'><strong>evindicare</strong></span> 
     </span>
     <span class='ocr_line' id='line_1_43' title="bbox 174 3887 1288 3975; baseline 0 -29"><span class='ocrx_word' id='word_1_328' title='bbox 174 3907 239 3947; x_wconf 89' lang='lat' dir='ltr'><strong>nou</strong></span> <span class='ocrx_word' id='word_1_329' title='bbox 261 3889 383 3962; x_wconf 78' lang='lat' dir='ltr'><strong>valeat,</strong></span> <span class='ocrx_word' id='word_1_330' title='bbox 414 3887 470 3946; x_wconf 90' lang='lat' dir='ltr'><strong>sed</strong></span> <span class='ocrx_word' id='word_1_331' title='bbox 502 3907 651 3968; x_wconf 86' lang='lat' dir='ltr'><strong>praeseus</strong></span> <span class='ocrx_word' id='word_1_332' title='bbox 681 3889 901 3949; x_wconf 90' lang='lat' dir='ltr'><strong>conventionis</strong></span> <span class='ocrx_word' id='word_1_333' title='bbox 924 3889 1068 3952; x_wconf 88' lang='lat' dir='ltr'><strong>chartula</strong></span> <span class='ocrx_word' id='word_1_334' title='bbox 1095 3917 1288 3975; x_wconf 74' lang='lat' dir='ltr'><strong>perennem</strong></span> 
     </span>
     <span class='ocr_line' id='line_1_44' title="bbox 174 3967 1287 4048; baseline 0.008 -18"><span class='ocrx_word' id='word_1_335' title='bbox 174 3967 314 4030; x_wconf 87' lang='lat' dir='ltr'><strong>obtineat</strong></span> <span class='ocrx_word' id='word_1_336' title='bbox 334 3970 487 4048; x_wconf 74' lang='lat' dir='ltr'><strong>vigorem,</strong></span> <span class='ocrx_word' id='word_1_337' title='bbox 507 3968 711 4048; x_wconf 86' lang='lat' dir='ltr'><strong>stipulatione</strong></span> <span class='ocrx_word' id='word_1_338' title='bbox 734 3971 885 4036; x_wconf 78' lang='lat' dir='ltr'><strong>subnexa.</strong></span> <span class='ocrx_word' id='word_1_339' title='bbox 925 3974 1041 4034; x_wconf 87' lang='lat' dir='ltr'><strong>Actum</strong></span> <span class='ocrx_word' id='word_1_340' title='bbox 1063 3975 1095 4034; x_wconf 91' lang='lat' dir='ltr'><strong>in</strong></span> <span class='ocrx_word' id='word_1_341' title='bbox 1117 3977 1175 4036; x_wconf 90' lang='lat' dir='ltr'><strong>ilio</strong></span> <span class='ocrx_word' id='word_1_342' title='bbox 1202 3979 1287 4040; x_wconf 89' lang='lat' dir='ltr'><strong>loco</strong></span> 
     </span>
     <span class='ocr_line' id='line_1_45' title="bbox 196 4051 1285 4142; baseline 0.005 -32"><span class='ocrx_word' id='word_1_343' title='bbox 196 4052 314 4114; x_wconf 86' lang='lat' dir='ltr'><strong>ubiice.</strong></span> <span class='ocrx_word' id='word_1_344' title='bbox 357 4052 489 4132; x_wconf 77' lang='lat' dir='ltr'><strong>Signum</strong></span> <span class='ocrx_word' id='word_1_345' title='bbox 513 4052 600 4111; x_wconf 88' lang='lat' dir='ltr'><strong>iliius</strong></span> <span class='ocrx_word' id='word_1_346' title='bbox 623 4051 749 4112; x_wconf 82' lang='lat' dir='ltr'><strong>Abbatis</strong></span> <span class='ocrx_word' id='word_1_347' title='bbox 771 4061 804 4111; x_wconf 88' lang='lat' dir='ltr'><strong>et</strong></span> <span class='ocrx_word' id='word_1_348' title='bbox 831 4054 983 4115; x_wconf 89' lang='lat' dir='ltr'><strong>Advocati</strong></span> <span class='ocrx_word' id='word_1_349' title='bbox 1006 4058 1055 4117; x_wconf 92' lang='lat' dir='ltr'><strong>sui</strong></span> <span class='ocrx_word' id='word_1_350' title='bbox 1079 4059 1186 4135; x_wconf 87' lang='lat' dir='ltr'><strong>illius,</strong></span> <span class='ocrx_word' id='word_1_351' title='bbox 1218 4065 1285 4142; x_wconf 78' lang='lat' dir='ltr'><strong>qui</strong></span> 
     </span>
     <span class='ocr_line' id='line_1_46' title="bbox 173 4077 1284 4223; baseline 0.007 -31"><span class='ocrx_word' id='word_1_352' title='bbox 173 4077 257 4192; x_wconf 84' lang='lat' dir='ltr'><strong>iianc</strong></span> <span class='ocrx_word' id='word_1_353' title='bbox 280 4133 503 4192; x_wconf 81' lang='lat' dir='ltr'><strong>conventionis</strong></span> <span class='ocrx_word' id='word_1_354' title='bbox 527 4132 702 4192; x_wconf 74' lang='lat' dir='ltr'><strong>chartulam</strong></span> <span class='ocrx_word' id='word_1_355' title='bbox 726 4143 999 4214; x_wconf 85' lang='lat' dir='ltr'><strong>perpetraverunt.</strong></span> <span class='ocrx_word' id='word_1_356' title='bbox 1051 4140 1116 4222; x_wconf 75' lang='lat' dir='ltr'><strong>Sig.</strong></span> <span class='ocrx_word' id='word_1_357' title='bbox 1137 4143 1284 4223; x_wconf 78' lang='lat' dir='ltr'><strong>Decumi,</strong></span> 
     </span>
     <span class='ocr_line' id='line_1_47' title="bbox 174 4215 1284 4308; baseline -0.001 -34"><span class='ocrx_word' id='word_1_358' title='bbox 174 4216 326 4291; x_wconf 85' lang='lat' dir='ltr'><strong>Castoris,</strong></span> <span class='ocrx_word' id='word_1_359' title='bbox 348 4216 534 4296; x_wconf 88' lang='lat' dir='ltr'><strong>Praepositi,</strong></span> <span class='ocrx_word' id='word_1_360' title='bbox 558 4215 917 4296; x_wconf 74' lang='lat' dir='ltr'><strong>Celicra1·ii„Portarii,</strong></span> <span class='ocrx_word' id='word_1_361' title='bbox 941 4222 1132 4302; x_wconf 71' lang='lat' dir='ltr'><strong>Camerarii,</strong></span> <span class='ocrx_word' id='word_1_362' title='bbox 1156 4226 1284 4308; x_wconf 72' lang='lat' dir='ltr'><strong>Hospi-</strong></span> 
     </span>
    </p>
   </div>
   <div class='ocr_carea' id='block_1_7' title="bbox 0 0 1370 4990">
    <p class='ocr_par' dir='ltr' id='par_1_8' title="bbox 0 0 1370 4990">
     <span class='ocr_line' id='line_1_48' title="bbox 0 0 1370 4990; baseline 0 2"><span class='ocrx_word' id='word_1_363' title='bbox 0 0 1370 4990; x_wconf 95' lang='lat' dir='ltr'><strong> </strong></span> 
     </span>
    </p>
   </div>
  </div>
 </body>
</html>
