2676 4976
521 316 726 373 sessuras
1111 299 1179 372 5-tt

101 451 224 522 Crucem
244 480 313 519 cnm
335 458 467 522 Litanio.
508 458 609 520 Totus
629 457 769 542 populus
791 456 889 542 Kyrie
911 458 1032 520 eleison
1048 460 1183 520 claman-

98 555 157 617 tes,
176 540 278 602 cinere
300 540 435 622 aspersi,
465 549 497 600 et
517 541 633 602 ciliciis
655 541 781 616 induti,
812 540 869 621 qui
899 538 955 599 illa
976 553 1109 622 possunt
1130 546 1182 603 in-

100 624 207 685 venire.
246 624 371 684 Caeteri
395 621 581 703 quicunque
602 623 738 698 habent,
761 622 862 683 laneis
883 622 1021 684 vestibus
1042 626 1182 684 induan-

99 717 148 766 tur
165 703 200 764 ad
217 726 338 788 corpus.
382 706 579 788 Pauperibus
602 715 633 766 et
661 725 725 763 uon
753 703 943 766 habentibus
966 704 1031 787 ipsa
1053 727 1107 768 sua
1129 730 1183 789 pe·

101 787 182 846 nuria
200 809 251 868 pro
271 787 443 848 afflictione
473 787 601 854 sufficit.
641 786 832 847 Discalceati
861 809 970 848 onrnes
998 791 1125 850 Missam
1147 790 1181 848 iu

99 891 246 932 commune
271 873 457 931 auscultent
482 891 556 930 cum
585 878 673 929 metu
702 877 734 930 et
759 867 950 930 reverentia.
999 872 1183 953 Presbyteri

98 951 214 1032 singulis
226 952 288 1013 illis
303 953 418 1013 diebus
429 952 556 1012 Missam
569 960 708 1016 cantent.
751 951 875 1012 Caeteri
890 953 1007 1014 Clerici
1025 965 1056 1014 ct
1070 976 1181 1015 omues

97 1035 146 1116 qui
166 1034 304 1094 noverint
325 1035 388 1095 viri
411 1057 446 1096 ae
473 1035 633 1094 foeminae
662 1035 696 1094 L.
724 1033 864 1093 Psalmos
893 1035 1062 1116 impleant,
1092 1037 1184 1098 obse·

95 1126 201 1178 orantes
221 1116 408 1178 Conditoris
429 1116 528 1176 nostri
549 1116 771 1190 clementiam,
790 1126 826 1176 ut
846 1117 885 1176 ab
907 1116 1183 1178 invisibiliumho-

92 1199 173 1260 stium
191 1197 316 1259 insidiis
340 1210 374 1260 et
402 1199 548 1281 gentibus
575 1199 670 1259 variis
699 1205 732 1256 et
751 1198 918 1279 gentilium
941 1198 1181 1263 incursionibus

89 1279 248 1342 Ecclesiam
262 1302 354 1341 suam
376 1283 559 1358 defensare,
581 1289 613 1342 et
634 1280 733 1362 ipsam
756 1301 831 1360 paee
854 1302 928 1358 sua,
951 1304 1033 1364 quae
1053 1305 1182 1343 omnem

88 1385 201 1423 sensum
219 1373 396 1445 exuperat,
419 1363 552 1424 interius
567 1363 727 1424 custodire
748 1361 914 1442 dignetur,
937 1385 977 1424 ne
993 1367 1025 1424 in
1040 1387 1096 1424 sua
1113 1365 1182 1426 vis-

87 1466 150 1504 cera
164 1443 226 1524 ipsa
241 1466 437 1527 consurgere
460 1453 491 1506 et
511 1455 610 1505 semet
622 1445 771 1504 'lacerare
792 1454 943 1504 conetur:
966 1447 1104 1508 diversas
1120 1469 1182 1529 pe-

86 1535 139 1586 stes
159 1537 189 1586 et
208 1529 337 1588 morbos
359 1528 397 1588 ab
418 1527 602 1588 bominibus
624 1536 655 1586 et
673 1526 824 1586 iumentis
846 1528 986 1605 auferat,
1009 1529 1089 1590 aeris
1103 1538 1182 1592 tem·

84 1608 194 1690 periem
220 1610 366 1686 tribuat,
395 1621 512 1670 terram
539 1609 731 1682 foecundet,
763 1609 872 1689 fruges
900 1609 939 1668 ad
967 1611 1181 1673 maturitatem

84 1692 249 1771 perducat,
273 1695 399 1753 fructus
421 1692 570 1751 arborum
591 1691 807 1772 multiplicet,
832 1699 866 1748 ut
888 1693 1098 1753 exterioribus
1121 1717 1181 1754 ne-

84 1773 214 1833 cessariis
235 1776 403 1836 affluentes
424 1795 497 1833 oum
525 1774 588 1834 lide
619 1784 727 1849 recta,
761 1793 815 1854 spe
844 1773 951 1850 firma,
980 1785 1012 1833 et
1041 1774 1181 1834 charita-

84 1864 110 1914 te
130 1876 255 1936 syncera
277 1859 383 1917 Deum
405 1855 550 1935 diligere,
572 1865 603 1916 et
631 1855 719 1916 illius
746 1854 901 1915 mandatis
922 1855 1090 1916 inhaerere
1110 1879 1195 1938 pos--

82 1937 186 1997 simus:
218 1947 249 1997 et
279 1938 332 1999 bis
361 1938 507 1999 subsidiis
535 1946 661 1998 utentes
691 1939 723 1995 iu
755 1937 826 2012 via,
857 1938 897 1997 ad
929 1948 1056 1998 aeterna
1091 1961 1178 2019 prae-

83 2018 137 2077 mia
146 2021 318 2100 pervenire
332 2041 511 2082 mereamur
524 2021 558 2079 in
573 2019 681 2101 patria.
702 2022 789 2080 Pane
805 2019 890 2078 sicco
909 2021 1036 2078 alantur
1050 2043 1177 2098 omnes,

83 2110 111 2160 et
128 2101 228 2162 crudis
251 2101 416 2179 oleribus,
440 2111 471 2163 et
491 2103 556 2162 sale
578 2113 674 2184 atque
695 2101 813 2184 pomis;
837 2112 869 2160 et
891 2102 945 2182 qui
962 2125 1041 2184 opus
1059 2103 1180 2163 habent

82 2181 183 2244 infusis
204 2194 376 2246 vescantur
398 2184 559 2260 oleribus,
582 2206 649 2244 uno
680 2185 809 2244 vasculo
831 2183 869 2242 de
890 2206 968 2264 pura
990 2185 1109 2246 cervisa
1129 2207 1178 2245 re·

81 2265 271 2333 'focillentur
316 2267 449 2327 Cunctis
471 2267 602 2326 omnino
624 2287 642 2324 a
663 2287 759 2327 carne
781 2275 814 2326 et
828 2265 1025 2347 pinguedine
1045 2277 1076 2326 et
1091 2267 1178 2327 omni

82 2349 159 2426 quod
181 2369 220 2408 ex
241 2350 326 2410 lacte
356 2349 534 2409 conficitur.
575 2348 682 2410 Pisces
713 2358 744 2408 et
772 2369 831 2407 ova
857 2359 985 2428 praeter
1013 2348 1178 2410 infirmita·

81 2438 137 2489 tem
153 2451 245 2490 nemo
267 2442 456 2512 praesumat.
497 2430 652 2492 Similiter
672 2430 785 2490 vinum
808 2439 838 2490 et
859 2451 970 2508 omne,
993 2432 1081 2512 qnod
1101 2433 1180 2492 mel·

81 2509 109 2570 lo
129 2512 341 2573 dulcioratum
368 2523 438 2586 est,
471 2523 503 2574 et
524 2513 763 2594 unusquisque,
796 2513 829 2572 in
858 2524 1013 2593 quantum
1039 2517 1175 2595 poterit,

80 2594 159 2674 quod
179 2595 242 2656 sibi
265 2595 438 2673 subtrahit,
468 2596 628 2686 indigenti
654 2596 809 2678 praebere
838 2615 901 2654 non
932 2596 1072 2656 differat:
1101 2598 1177 2678 quia

81 2674 192 2738 ieiunio
213 2679 373 2740 innocens
395 2678 573 2758 acquiritur
588 2677 671 2750 vita,
695 2677 838 2737 oratione
860 2677 1027 2759 religiosus
1053 2679 1177 2741 animus

82 2760 253 2838 enutritur,
284 2760 465 2842 elemosyna
485 2759 720 2835 misericordia,
749 2781 830 2840 quac
855 2761 1051 2840 requiritur,
1085 2762 1177 2822 inve·

82 2840 177 2918 nitur,
199 2852 234 2904 et
255 2841 343 2922 quod
365 2859 468 2925 nuper
488 2842 521 2900 in
545 2841 722 2901 ministerio
746 2851 801 2900 tuo
818 2840 895 2900 semi
917 2849 1097 2901 correctum
1118 2844 1176 2904 de-

80 2922 207 3004 reliqui,
230 2925 313 2986 sicut
339 2945 357 2982 a
374 2933 406 2984 te
435 2923 617 3006 digrediens
645 2923 827 2982 strenuitati
848 2932 920 2982 tuae
947 2925 1176 2989 commendari.

81 3004 188 3066 Omnia
218 3007 259 3068 ad
285 3014 409 3066 eertum
438 3006 556 3083 finem,
582 3013 678 3090 prout
705 3004 825 3088 poteris
854 3003 1051 3085 perducere,
1081 3027 1175 3065 cura-

81 3093 118 3152 to.
156 3087 250 3154 Vale.

152 3169 241 3231 XIX.
264 3171 323 3231 llle
344 3170 522 3253 Episcopus
548 3167 760 3242 sanctissimae
784 3164 1032 3248 Congregationi
1060 3167 1092 3226 in
1114 3168 1176 3229 bo-

82 3270 152 3312 nore
165 3253 273 3314 Sancti
292 3254 329 3318 N.
350 3253 543 3313 coadunatae
557 3253 701 3316 salutem.
742 3248 882 3309 Dilectio
904 3257 1007 3308 restra
1028 3252 1174 3329 noverit,

80 3335 160 3412 quod
182 3345 290 3397 sancta
310 3335 457 3417 Synodus
483 3334 567 3416 apud
587 3332 700 3393 urbem
718 3333 756 3392 N.
778 3331 933 3401 collecta,
957 3329 1055 3391 finitis
1074 3354 1175 3413 quae·

81 3413 246 3494 stionibus,
268 3438 348 3498 quae
377 3439 417 3478 ex
442 3415 571 3477 diversis
593 3416 699 3476 causis
725 3422 942 3489 emerserunt,
967 3413 1175 3476 saluberrime

83 3494 237 3576 decrevit,
260 3509 295 3559 ut
318 3505 427 3560 omnes
443 3497 662 3559 Ecclesiarum
684 3495 804 3558 Clerici
828 3504 861 3556 et
876 3495 1107 3555 Monaohorum
1125 3520 1175 3558 oa-

81 3583 180 3654 tervae
200 3577 367 3642 commune
381 3580 538 3642 ieiunium
553 3589 583 3640 et
604 3581 765 3641 orationes
783 3578 882 3640 tribus
899 3577 1010 3640 diebus
1031 3599 1174 3663 exeque-

81 3673 205 3740 rentur,
227 3662 289 3724 hoc
308 3674 356 3724 est
373 3662 428 3728 lV.
447 3671 478 3722 et
494 3663 550 3728 Ill.
572 3670 604 3722 et
618 3661 663 3728 ll.
798 3657 803 3670 ’

153 3745 335 3829 Presbyteri
364 3753 429 3806 tres
457 3744 584 3821 missas,
614 3744 732 3805 caeteri
759 3743 880 3805 Clerici
906 3743 1097 3804 Psalterium
1121 3745 1174 3806 de·

83 3835 256 3906 cantarent,
278 3827 363 3889 circa
380 3847 496 3888 nonam
516 3826 631 3887 borani
642 3848 770 3887 crucem
788 3835 1020 3908 sequerentur,
1043 3827 1175 3888 alimen-

84 3906 117 3968 tis
133 3930 206 3972 rero
224 3919 380 3971 consuete*
404 3918 590 3986 uterentur,
612 3919 739 3970 caetero
760 3908 881 3991 populo
923 3918 1032 3990 ropter
1053 3917 1174 3971 aestum

83 3998 168 4073 atque
185 4013 289 4073 ,opera
309 3993 465 4053 forinseca
483 3990 545 4052 hoc
567 4013 633 4052 non
656 3991 854 4056 indixerunt.
928 3990 988 4050 ale.
1134 4059 1137 4064 Δ

122 4085 123 4092 ’
170 4073 245 4136 ΧΧ.
266 4073 480 4136 Dilectissimo
495 4073 584 4136 Patri
601 4082 633 4134 et
645 4071 732 4133 omni
750 4071 845 4132 laude
862 4071 999 4132 colendo
1011 4070 1048 4136 N.
1065 4072 1177 4134 Eccle-

83 4151 140 4215 siae
158 4156 388 4240 Argentarinue
410 4165 442 4217 et
456 4154 714 4238 Argentariensis
732 4146 882 4238 Pontifici
903 4154 941 4213 N.
960 4152 1092 4216 humilis
1118 4178 1177 4240 op-

83 4232 144 4317 pidi
156 4235 407 4307 constantiensis
422 4236 608 4325 Episcopus.
648 4233 826 4304 Paternitas
842 4246 948 4300 vestra
967 4235 1049 4301 scire
1067 4235 1176 4324 digne·
