2676 4976
510 293 794 350 exorcismorum
1142 287 1215 360 56¹3

96 449 130 503 et
151 439 188 499 in
211 437 304 500 hanc
326 459 437 520 aquam
456 457 587 498 manum
609 435 748 514 miserit,
769 437 889 498 salvam
911 445 943 499 et
965 439 1117 506 inlaesam
1140 445 1216 511 inde

95 523 236 588 educas.
279 522 345 598 Qui
370 532 429 582 tres
450 520 786 606 puerorsuprsdictos
808 529 840 581 et
869 522 1049 584 Susannam
1066 527 1111 589 de
1135 529 1217 593 falso

97 606 245 666 crimine
266 604 417 684 liberasti,
441 602 495 680 ita,
511 602 655 664 ‘Domine
677 603 895 686 omnipotens,
913 604 939 666 si
962 606 1134 689 culpabilis
1149 614 1218 675 lusa⁶

98 689 159 766 rit,
184 697 217 749 et
239 689 429 747 incrassante
451 685 588 746 Diabolo
610 705 667 745 cor
687 685 891 764 obduratum,
911 697 1043 751 manum
1064 693 1097 752 in
1120 693 1218 759 huius

101 773 152 832 tni
177 769 328 832 elementi
349 771 693 830 ferventiscreaturam
715 769 848 846 miserit,
868 777 921 830 tua
937 771 1054 835 veritus
1076 774 1138 838 hoc
1158 779 1219 840 da-

103 855 229 932 claret,
253 864 289 912 nt
311 852 344 912 in
367 871 502 932 corpore
529 852 762 928 manifestetur,
785 862 817 914 et
839 852 943 913 anima
968 875 1029 936 per
1049 859 1219 938 poeniten.

104 939 185 998 tiam
215 938 363 1000 salvetur.
406 935 500 996 Etsi
528 953 568 995 ex
593 933 656 995 lioc
689 935 812 996 scelere
832 937 1003 1018 culpabilis
1029 940 1151 1020 inerit,
1184 952 1218 1004 et

104 1019 316 1117 paratiquod
338 1017 533 1078 maleficium
563 1027 617 1078 snt
643 1037 704 1100 per
729 1015 843 1081 laerbas
870 1029 927 1080 ant
954 1039 1014 1102 per
1044 1023 1216 1088 diabolicas

104 1103 341 1163 incantationes
362 1101 448 1161 hatte
470 1099 592 1182 peccati
622 1101 671 1160 sui
702 1099 830 1181 culpam
859 1103 1023 1164 occultare
1053 1109 1216 1186 voluerit,

104 1186 157 1246 vel
183 1196 268 1244 tuam
291 1183 445 1244 iustitiam
466 1180 684 1244 contaminare
712 1183 763 1244 rel
785 1184 907 1246 violare
931 1205 964 1246 se
991 1203 1083 1268 posse
1105 1192 1216 1252 credi-

102 1267 201 1346 derit,
225 1265 398 1348 magnilica
424 1276 477 1326 tua
500 1265 630 1327 dextera
652 1265 715 1330 hac
738 1266 857 1326 malum
879 1276 1014 1328 evacuet
1035 1281 1068 1330 et
1088 1293 1217 1334 omnem
1282 1315 1285 1320 ·

96 1351 145 1409 rei
170 1350 344 1410 veritatem
368 1349 570 1410 demonstret.
612 1351 676 1411 Per
693 1357 735 1422 te,
760 1349 1009 1412 clementissime
1036 1354 1217 1441 Pater,'qni

96 1432 182 1494 rivis
204 1442 239 1492 et
261 1453 379 1516 regnas
400 1433 434 1492 in
456 1433 598 1492 trinitate
625 1434 776 1514 perlecta.
818 1434 882 1494 Per
902 1434 1019 1499 omnia.
1139 1441 1141 1446 ’

578 1537 612 1629 ¹d
638 1571 652 1608 n
677 1571 686 1608 ι
708 1570 736 1607 ι.

187 1664 333 1728 Orestas.
376 1665 463 1724 Dens
483 1663 544 1746 ‚qui
571 1663 695 1724 beatam
719 1664 897 1726 Susannam
917 1662 959 1726 de
977 1662 1056 1726 falso
1079 1663 1214 1729 crimine

97 1747 260 1823 liberasti,
282 1749 371 1808 Deus
390 1747 446 1826 qui
468 1747 592 1807 beatam
615 1745 770 1808 Theclam
791 1747 831 1807 de
846 1747 1039 1828 spectaculis
1060 1748 1216 1826 liberasti,

97 1832 196 1896 Deus
218 1823 272 1911 qai
291 1840 436 1890 sanctum
457 1829 626 1889 Danielem
654 1829 703 1890 de.
723 1829 796 1890 lacu
826 1830 957 1890 leonum
984 1830 1147 1907 liberasti,
1183 1842 1216 1892 et

101 1921 176 1973 tres
203 1933 317 1994 pueros
344 1904 383 1973 de
416 1913 542 1973 camino
574 1911 658 1993 ignis
687 1911 1028 1994 ardeatiseripuisti,
1049 1923 1082 1974 tn
1113 1914 1215 1976 libera

102 1994 314 2072 innocentes,
337 2005 368 2055 et
398 1994 551 2076 consigna
571 1995 717 2060 factores.
757 1995 821 2058 Per
840 1996 1016 2058 Dominum
1041 2006 1194 2063 nostrum.

191 2109 234 2171 Et
257 2113 311 2194 qni
334 2133 458 2170 manaem
484 2101 580 2170 mittit
600 2112 633 2170 in
655 2131 768 2190 aquam
792 2108 837 2170 ad
856 2110 959 2193 ipsam
986 2105 1136 2190 examen,
1161 2109 1214 2172 di·
1284 2121 1286 2124 '

99 2205 159 2255 eat
193 2194 375 2254 Orationem
407 2195 631 2269 Dominicam,
661 2205 692 2251 et
718 2194 823 2272 signet
849 2213 882 2250 se
906 2194 1066 2272 signacula
1094 2197 1214 2271 crucis,

99 2275 269 2356 essentiae
291 2275 467 2358 deponatur
490 2278 559 2359 ipsa
579 2297 660 2358 apua
674 2275 809 2354 frzrc'ens
835 2273 970 2357 desuper
987 2275 1080 2336 iaxta
1100 2281 1214 2356 ignem,

99 2374 135 2420 et
168 2355 271 2418 index
292 2357 469 2442 perpendat
495 2363 595 2441 ipsam
628 2358 766 2442 lapidem
790 2357 941 2436 illigatam
971 2357 1017 2417 ad
1039 2379 1215 2418 assensuram
1260 2373 1264 2380 “

97 2441 152 2501 itt.
184 2441 273 2521 infra
303 2442 401 2523 ipsam
433 2461 544 2522 aquam
570 2461 656 2500 more
688 2441 806 2509 solito,·
837 2451 868 2498 et
894 2440 940 2500 rie
965 2440 1038 2500 inde
1066 2444 1215 2502 extrahat

96 2545 175 2583 eam
195 2525 230 2582 in
253 2523 376 2583 nomine
406 2523 536 2584 Domini
560 2525 626 2606 ipse
644 2525 709 2604 poi
738 2519 906 2582 innatat
934 2543 1066 2584 amantea
1091 2522 1213 2602 iudica,

96 2607 224 2666 Postea
257 2625 326 2665 cnm
356 2625 468 2684 magna
492 2605 656 2684 diligentia
689 2607 735 2665 sic
751 2603 821 2686 fiat
852 2605 991 2664 involuta
1021 2623 1129 2666 manas
1157 2609 1219 2667 sall«

97 2687 212 2766 sigillo
236 2686 357 2747 Indicis
391 2690 512 2767 signata
537 2707 631 2768 usqae
655 2691 688 2748 ia
709 2687 760 2747 die
785 2689 895 2757 sertim·
913 2707 974 2770 qao
995 2687 1067 2748 aisa
1093 2690 1136 2750 s'it
1161 2691 1214 2750 vie

98 2771 151 2829 ris
173 2767 298 2830 idoneis
320 2781 350 2829 et
372 2771 543 2833 aestimata.
1201 2794 1213 2805 ·-

439 2947 597 3012 Indicium
624 2935 721 3034 aquae
732 2945 887 3029 frigidae.

192 3091 232 3156 ll.
276 3088 352 3150 Cam
369 3091 508 3150 hanzines
531 3091 580 3148 ais
607 3090 730 3148 mittere
751 3086 795 3146 ad
821 3085 974 3147 indiciam
996 3105 1093 3168 aquae
1110 3083 1214 3170 frigi*

101 3174 170 3235 dae
194 3175 231 3235 ot
254 3173 539 3254 comprobationem
566 3171 611 3231 ita
625 3170 737 3250 facere
764 3167 868 3234 debes.
909 3166 1026 3252 Accipe
1056 3169 1128 3228 illos
1155 3172 1213 3230 aaa

100 3260 207 3318 mines
233 3276 310 3339 quos
328 3255 378 3318 vis
399 3255 518 3313 mittere
541 3255 574 3312 in
595 3274 717 3334 aquam,
737 3265 766 3312 et
787 3249 889 3311 deduc
910 3271 962 3310 eos
982 3254 1016 3310 in
1039 3249 1216 3311 Ecclesiam*

100 3353 140 3400 et
167 3359 274 3400 coram
296 3337 436 3396 omnibns
458 3337 522 3394 illis
545 3347 646 3394 cantet
672 3335 841 3416 Presbyter
855 3335 1010 3404 Missam,
1041 3348 1070 3392 et
1082 3333 1141 3412 fac
1160 3346 1216 3395 eas

101 3421 153 3484 ad
173 3423 273 3502 ipsam
294 3421 425 3479 Missam
449 3417 577 3498 offerre.
621 3417 695 3491 Cam
714 3429 816 3476 alitem
837 3416 881 3476 aal
901 3419 1147 3476 communionem
1165 3426 1212 3478 ve*-

102 3505 225 3579 nerint,
246 3515 409 3584 antequam
429 3501 665 3576 communicent,
688 3503 857 3580 interroget
883 3493 1115 3559 eos'Sacerdcs
1129 3526 1131 3532 ·
1144 3509 1216 3559 cdm'

104 3586 331 3660 adiuratione,
357 3595 387 3642 et
413 3582 517 3645 dieat:
545 3581 667 3642 Adiuro
696 3605 749 3644 vos
775 3581 922 3642 homines
947 3597 1006 3664 per
1029 3579 1155 3642 Patrem
1182 3587 1216 3644 et

103 3667 232 3729 Filium
254 3675 287 3726 et
312 3665 464 3749 Spiritum
486 3665 656 3741 Sanctum,
687 3675 719 3725 et
743 3685 800 3747 per
827 3676 960 3738 vestram
988 3663 1214 3725 Christianita-

104 3763 175 3812 tem
199 3769 293 3830 quam
318 3747 518 3829 suscepistis,
551 3755 581 3809 et
609 3769 667 3830 per
696 3757 835 3810 sanctam
858 3745 1065 3819 Trinitatem,
1100 3756 1131 3807 et
1156 3758 1217 3828 per

105 3841 256 3894 sanctum
277 3831 514 3912 Evangelium,
546 3839 578 3890 et
604 3852 663 3912 per
688 3830 759 3892 illas
787 3839 908 3892 sanctas
932 3825 1102 3912 'Reliquias
1131 3832 1218 3910 quae*
1310 3869 1313 3874 ·

107 3917 142 3974 in
170 3915 232 3974 ista
256 3914 401 3974 Ecclesia
423 3923 509 3991 sunt,
540 3922 665 3973 utnon
690 3915 896 3992 praesumatis
923 3912 991 3970 ullo
1015 3912 1110 3972 modo
1131 3913 1219 3971 corn-1

108 3998 287 4073 manicare,
310 4017 415 4078 neque
435 3996 587 4057 accedere
617 3995 655 4056 ad
681 3997 777 4056 altare
798 3997 824 4056 si
838 3995 900 4054 hoc
915 3991 1036 4053 fecistis
1064 4003 1118 4054 aaut
1139 4007 1222 4070 co'n·¹

109 4079 266 4150 sensistis,
286 4088 340 4138 ant
353 4079 441 4154 scitis
457 4077 513 4162 qui
531 4079 592 4139 hoc
612 4079 723 4162 egerit.
759 4077 910 4138 Stantem
926 4094 1032 4161 onznes
1049 4068 1218 4155 taciieri'nt‘,i

110 4174 141 4222 et
167 4162 272 4221 nullas
300 4161 459 4242 confessas
482 4159 604 4241 faerit,
633 4160 760 4222 accedat
787 4157 946 4232 Sacerdos
974 4155 1018 4216 ad
1040 4158 1157 4230 altare,
1185 4163 1218 4238 et

111 4245 336 4316 eamaiunieet,
363 4245 514 4327 separatis
543 4244 608 4303 illis
636 4245 692 4326 qai
729 4239 936 4324 examinandi
963 4252 1043 4303 sant.
1088 4233 1219 4303 ‘Pistre‘
