<?xml version="1.0" encoding="UTF-8"?>
<!DOCTYPE html PUBLIC "-//W3C//DTD XHTML 1.0 Transitional//EN"
    "http://www.w3.org/TR/xhtml1/DTD/xhtml1-transitional.dtd">
<html xmlns="http://www.w3.org/1999/xhtml" xml:lang="en" lang="en">
 <head>
  <title>
</title>
<meta http-equiv="Content-Type" content="text/html;charset=utf-8" />
  <meta name='ocr-system' content='tesseract 3.04.00' />
  <meta name='ocr-capabilities' content='ocr_page ocr_carea ocr_par ocr_line ocrx_word'/>
</head>
<body>
  <div class='ocr_page' id='page_1' title='image "./corpusiurisgerm03visigoog_0137.png"; bbox 0 0 2676 4976; ppageno 0'>
   <div class='ocr_carea' id='block_1_1' title="bbox 204 271 832 346">
    <p class='ocr_par' dir='ltr' id='par_1_1' title="bbox 204 271 832 346">
     <span class='ocr_line' id='line_1_1' title="bbox 204 271 832 346; baseline -0.027 -1"><span class='ocrx_word' id='word_1_1' title='bbox 204 271 277 346; x_wconf 73' lang='lat'><strong>530</strong></span> <span class='ocrx_word' id='word_1_2' title='bbox 643 273 832 333; x_wconf 81' lang='lat' dir='ltr'><strong>roauunse</strong></span> 
     </span>
    </p>
   </div>
   <div class='ocr_carea' id='block_1_2' title="bbox 162 413 1286 4280">
    <p class='ocr_par' dir='ltr' id='par_1_2' title="bbox 162 413 1275 2310">
     <span class='ocr_line' id='line_1_2' title="bbox 205 413 1261 502; baseline -0.017 -10"><span class='ocrx_word' id='word_1_3' title='bbox 205 429 348 502; x_wconf 88' lang='lat' dir='ltr'><strong>nientcs,</strong></span> <span class='ocrx_word' id='word_1_4' title='bbox 371 429 479 482; x_wconf 91' lang='lat' dir='ltr'><strong>nostro</strong></span> <span class='ocrx_word' id='word_1_5' title='bbox 497 416 681 500; x_wconf 88' lang='lat' dir='ltr'><strong>conspectui</strong></span> <span class='ocrx_word' id='word_1_6' title='bbox 700 413 878 498; x_wconf 79' lang='lat' dir='ltr'><strong>perducant</strong></span> <span class='ocrx_word' id='word_1_7' title='bbox 894 413 1095 496; x_wconf 79' lang='lat' dir='ltr'><strong>eligendum,</strong></span> <span class='ocrx_word' id='word_1_8' title='bbox 1115 419 1148 474; x_wconf 94' lang='lat' dir='ltr'><strong>nt</strong></span> <span class='ocrx_word' id='word_1_9' title='bbox 1162 431 1209 494; x_wconf 88' lang='lat' dir='ltr'><strong>per</strong></span> <span class='ocrx_word' id='word_1_10' title='bbox 1221 426 1261 474; x_wconf 83' lang='lat' dir='ltr'><strong>not</strong></span> 
     </span>
     <span class='ocr_line' id='line_1_3' title="bbox 203 495 1263 588; baseline -0.021 -12"><span class='ocrx_word' id='word_1_11' title='bbox 203 507 455 588; x_wconf 81' lang='lat' dir='ltr'><strong>Arcbiepiscopo</strong></span> <span class='ocrx_word' id='word_1_12' title='bbox 478 500 736 574; x_wconf 86' lang='lat' dir='ltr'><strong>commendatus,</strong></span> <span class='ocrx_word' id='word_1_13' title='bbox 765 497 864 557; x_wconf 83' lang='lat' dir='ltr'><strong>oflicii</strong></span> <span class='ocrx_word' id='word_1_14' title='bbox 893 498 943 557; x_wconf 90' lang='lat' dir='ltr'><strong>sui</strong></span> <span class='ocrx_word' id='word_1_15' title='bbox 970 495 1198 570; x_wconf 79' lang='lat' dir='ltr'><strong>authoritatem,</strong></span> <span class='ocrx_word' id='word_1_16' title='bbox 1221 511 1263 576; x_wconf 85' lang='lat' dir='ltr'><strong>per</strong></span> 
     </span>
     <span class='ocr_line' id='line_1_4' title="bbox 205 579 1263 664; baseline -0.018 -9"><span class='ocrx_word' id='word_1_17' title='bbox 205 602 345 654; x_wconf 86' lang='lat' dir='ltr'><strong>nostram</strong></span> <span class='ocrx_word' id='word_1_18' title='bbox 364 587 507 647; x_wconf 90' lang='lat' dir='ltr'><strong>obtineat</strong></span> <span class='ocrx_word' id='word_1_19' title='bbox 521 591 715 664; x_wconf 88' lang='lat' dir='ltr'><strong>potestatem.</strong></span> <span class='ocrx_word' id='word_1_20' title='bbox 758 579 791 639; x_wconf 89' lang='lat' dir='ltr'><strong>Si</strong></span> <span class='ocrx_word' id='word_1_21' title='bbox 807 579 869 639; x_wconf 90' lang='lat' dir='ltr'><strong>hoc</strong></span> <span class='ocrx_word' id='word_1_22' title='bbox 886 579 1069 656; x_wconf 89' lang='lat' dir='ltr'><strong>noluerint,</strong></span> <span class='ocrx_word' id='word_1_23' title='bbox 1092 579 1127 638; x_wconf 94' lang='lat' dir='ltr'><strong>de</strong></span> <span class='ocrx_word' id='word_1_24' title='bbox 1142 579 1263 636; x_wconf 78' lang='lat' dir='ltr'><strong>tutelar-</strong></span> 
     </span>
     <span class='ocr_line' id='line_1_5' title="bbox 205 658 1263 746; baseline -0.02 -10"><span class='ocrx_word' id='word_1_25' title='bbox 205 674 315 738; x_wconf 82' lang='lat' dir='ltr'><strong>roclria</strong></span> <span class='ocrx_word' id='word_1_26' title='bbox 338 690 438 729; x_wconf 87' lang='lat' dir='ltr'><strong>unum</strong></span> <span class='ocrx_word' id='word_1_27' title='bbox 458 665 635 746; x_wconf 88' lang='lat' dir='ltr'><strong>quemlibet</strong></span> <span class='ocrx_word' id='word_1_28' title='bbox 651 662 814 723; x_wconf 83' lang='lat' dir='ltr'><strong>Clericum</strong></span> <span class='ocrx_word' id='word_1_29' title='bbox 840 662 998 722; x_wconf 86' lang='lat' dir='ltr'><strong>natalibus</strong></span> <span class='ocrx_word' id='word_1_30' title='bbox 1021 672 1053 721; x_wconf 91' lang='lat' dir='ltr'><strong>et</strong></span> <span class='ocrx_word' id='word_1_31' title='bbox 1071 658 1201 720; x_wconf 80' lang='lat' dir='ltr'><strong>doctrina</strong></span> <span class='ocrx_word' id='word_1_32' title='bbox 1216 659 1263 736; x_wconf 89' lang='lat' dir='ltr'><strong>pol-</strong></span> 
     </span>
     <span class='ocr_line' id='line_1_6' title="bbox 205 740 1266 826; baseline -0.023 -6"><span class='ocrx_word' id='word_1_33' title='bbox 205 762 326 820; x_wconf 85' lang='lat' dir='ltr'><strong>lentem</strong></span> <span class='ocrx_word' id='word_1_34' title='bbox 352 773 424 812; x_wconf 90' lang='lat' dir='ltr'><strong>cum</strong></span> <span class='ocrx_word' id='word_1_35' title='bbox 445 769 604 809; x_wconf 89' lang='lat' dir='ltr'><strong>consensu</strong></span> <span class='ocrx_word' id='word_1_36' title='bbox 632 743 742 826; x_wconf 93' lang='lat' dir='ltr'><strong>populi</strong></span> <span class='ocrx_word' id='word_1_37' title='bbox 771 744 927 824; x_wconf 78' lang='lat' dir='ltr'><strong>eligentes</strong></span> <span class='ocrx_word' id='word_1_38' title='bbox 953 743 1043 804; x_wconf 89' lang='lat' dir='ltr'><strong>nobis</strong></span> <span class='ocrx_word' id='word_1_39' title='bbox 1073 740 1266 804; x_wconf 74' lang='lat' dir='ltr'><strong>videndumst</strong></span> 
     </span>
     <span class='ocr_line' id='line_1_7' title="bbox 207 823 1265 918; baseline -0.025 -16"><span class='ocrx_word' id='word_1_40' title='bbox 207 833 477 918; x_wconf 82' lang='lat' dir='ltr'><strong>conrprobandum</strong></span> <span class='ocrx_word' id='word_1_41' title='bbox 495 836 730 911; x_wconf 79' lang='lat' dir='ltr'><strong>praesentantes</strong></span> <span class='ocrx_word' id='word_1_42' title='bbox 751 826 937 905; x_wconf 85' lang='lat' dir='ltr'><strong>petitionem</strong></span> <span class='ocrx_word' id='word_1_43' title='bbox 956 847 1045 886; x_wconf 89' lang='lat' dir='ltr'><strong>suam</strong></span> <span class='ocrx_word' id='word_1_44' title='bbox 1061 825 1140 906; x_wconf 88' lang='lat' dir='ltr'><strong>apud</strong></span> <span class='ocrx_word' id='word_1_45' title='bbox 1158 823 1265 881; x_wconf 55' lang='lat' dir='ltr'><strong>clemens</strong></span> 
     </span>
     <span class='ocr_line' id='line_1_8' title="bbox 206 904 1266 988; baseline -0.02 -6"><span class='ocrx_word' id='word_1_46' title='bbox 206 923 282 984; x_wconf 90' lang='lat' dir='ltr'><strong>tiam</strong></span> <span class='ocrx_word' id='word_1_47' title='bbox 310 926 448 976; x_wconf 90' lang='lat' dir='ltr'><strong>nostram</strong></span> <span class='ocrx_word' id='word_1_48' title='bbox 470 933 504 971; x_wconf 89' lang='lat' dir='ltr'><strong>se</strong></span> <span class='ocrx_word' id='word_1_49' title='bbox 532 911 676 970; x_wconf 91' lang='lat' dir='ltr'><strong>obtinere</strong></span> <span class='ocrx_word' id='word_1_50' title='bbox 701 908 873 974; x_wconf 81' lang='lat' dir='ltr'><strong>confidant,</strong></span> <span class='ocrx_word' id='word_1_51' title='bbox 917 908 949 969; x_wconf 92' lang='lat' dir='ltr'><strong>Si</strong></span> <span class='ocrx_word' id='word_1_52' title='bbox 977 929 1072 984; x_wconf 86' lang='lat' dir='ltr'><strong>vero,</strong></span> <span class='ocrx_word' id='word_1_53' title='bbox 1094 905 1174 988; x_wconf 91' lang='lat' dir='ltr'><strong>quod</strong></span> <span class='ocrx_word' id='word_1_54' title='bbox 1195 904 1266 979; x_wconf 91' lang='lat' dir='ltr'><strong>absit,</strong></span> 
     </span>
     <span class='ocr_line' id='line_1_9' title="bbox 205 985 1267 1088; baseline -0.018 -25"><span class='ocrx_word' id='word_1_55' title='bbox 205 1019 372 1088; x_wconf 87' lang='lat' dir='ltr'><strong>personam</strong></span> <span class='ocrx_word' id='word_1_56' title='bbox 382 993 491 1058; x_wconf 82' lang='lat' dir='ltr'><strong>servili</strong></span> <span class='ocrx_word' id='word_1_57' title='bbox 510 993 585 1075; x_wconf 79' lang='lat' dir='ltr'><strong>iugo</strong></span> <span class='ocrx_word' id='word_1_58' title='bbox 605 990 795 1065; x_wconf 87' lang='lat' dir='ltr'><strong>notabilem,</strong></span> <span class='ocrx_word' id='word_1_59' title='bbox 818 1001 850 1050; x_wconf 93' lang='lat' dir='ltr'><strong>et</strong></span> <span class='ocrx_word' id='word_1_60' title='bbox 866 991 1004 1073; x_wconf 89' lang='lat' dir='ltr'><strong>publicis</strong></span> <span class='ocrx_word' id='word_1_61' title='bbox 1016 987 1217 1050; x_wconf 82' lang='lat' dir='ltr'><strong>exactionibus</strong></span> <span class='ocrx_word' id='word_1_62' title='bbox 1230 985 1267 1045; x_wconf 87' lang='lat' dir='ltr'><strong>de·</strong></span> 
     </span>
     <span class='ocr_line' id='line_1_10' title="bbox 206 1069 1268 1160; baseline -0.019 -15"><span class='ocrx_word' id='word_1_63' title='bbox 206 1088 326 1160; x_wconf 76' lang='lat' dir='ltr'><strong>bitem,</strong></span> <span class='ocrx_word' id='word_1_64' title='bbox 348 1088 404 1138; x_wconf 89' lang='lat' dir='ltr'><strong>aut</strong></span> <span class='ocrx_word' id='word_1_65' title='bbox 426 1077 521 1137; x_wconf 90' lang='lat' dir='ltr'><strong>etiam</strong></span> <span class='ocrx_word' id='word_1_66' title='bbox 538 1074 624 1136; x_wconf 86' lang='lat' dir='ltr'><strong>vitiis</strong></span> <span class='ocrx_word' id='word_1_67' title='bbox 649 1073 713 1133; x_wconf 90' lang='lat' dir='ltr'><strong>suis</strong></span> <span class='ocrx_word' id='word_1_68' title='bbox 732 1083 999 1152; x_wconf 71' lang='lat' dir='ltr'><strong>consentaneam,</strong></span> <span class='ocrx_word' id='word_1_69' title='bbox 1027 1080 1060 1132; x_wconf 93' lang='lat' dir='ltr'><strong>et</strong></span> <span class='ocrx_word' id='word_1_70' title='bbox 1078 1070 1136 1154; x_wconf 89' lang='lat' dir='ltr'><strong>ipsi</strong></span> <span class='ocrx_word' id='word_1_71' title='bbox 1157 1069 1214 1128; x_wconf 90' lang='lat' dir='ltr'><strong>sine</strong></span> <span class='ocrx_word' id='word_1_72' title='bbox 1229 1088 1268 1147; x_wconf 89' lang='lat' dir='ltr'><strong>po·</strong></span> 
     </span>
     <span class='ocr_line' id='line_1_11' title="bbox 206 1151 1268 1254; baseline -0.02 -28"><span class='ocrx_word' id='word_1_73' title='bbox 206 1168 286 1254; x_wconf 82' lang='lat' dir='ltr'><strong>pulo</strong></span> <span class='ocrx_word' id='word_1_74' title='bbox 308 1163 444 1243; x_wconf 78' lang='lat' dir='ltr'><strong>eligere,</strong></span> <span class='ocrx_word' id='word_1_75' title='bbox 467 1167 499 1219; x_wconf 90' lang='lat' dir='ltr'><strong>ct</strong></span> <span class='ocrx_word' id='word_1_76' title='bbox 517 1156 607 1216; x_wconf 91' lang='lat' dir='ltr'><strong>nobis</strong></span> <span class='ocrx_word' id='word_1_77' title='bbox 628 1155 744 1236; x_wconf 85' lang='lat' dir='ltr'><strong>absque</strong></span> <span class='ocrx_word' id='word_1_78' title='bbox 764 1154 888 1216; x_wconf 87' lang='lat' dir='ltr'><strong>idoneis</strong></span> <span class='ocrx_word' id='word_1_79' title='bbox 904 1153 1095 1218; x_wconf 83' lang='lat' dir='ltr'><strong>Parrochiac</strong></span> <span class='ocrx_word' id='word_1_80' title='bbox 1110 1151 1225 1212; x_wconf 87' lang='lat' dir='ltr'><strong>testibus</strong></span> <span class='ocrx_word' id='word_1_81' title='bbox 1236 1170 1268 1206; x_wconf 84' lang='lat' dir='ltr'><strong>as·</strong></span> 
     </span>
     <span class='ocr_line' id='line_1_12' title="bbox 209 1231 1269 1331; baseline -0.025 -19"><span class='ocrx_word' id='word_1_82' title='bbox 209 1252 334 1331; x_wconf 80' lang='lat' dir='ltr'><strong>signarc</strong></span> <span class='ocrx_word' id='word_1_83' title='bbox 356 1239 647 1324; x_wconf 84' lang='lat' dir='ltr'><strong>praesumpserint,</strong></span> <span class='ocrx_word' id='word_1_84' title='bbox 668 1237 762 1298; x_wconf 92' lang='lat' dir='ltr'><strong>liceat</strong></span> <span class='ocrx_word' id='word_1_85' title='bbox 783 1239 874 1298; x_wconf 90' lang='lat' dir='ltr'><strong>nobis</strong></span> <span class='ocrx_word' id='word_1_86' title='bbox 896 1247 1053 1320; x_wconf 87' lang='lat' dir='ltr'><strong>potestate</strong></span> <span class='ocrx_word' id='word_1_87' title='bbox 1075 1233 1167 1316; x_wconf 84' lang='lat' dir='ltr'><strong>Regia</strong></span> <span class='ocrx_word' id='word_1_88' title='bbox 1183 1231 1234 1307; x_wconf 86' lang='lat' dir='ltr'><strong>uti,</strong></span> <span class='ocrx_word' id='word_1_89' title='bbox 1249 1236 1269 1287; x_wconf 89' lang='lat' dir='ltr'><strong>et</strong></span> 
     </span>
     <span class='ocr_line' id='line_1_13' title="bbox 209 1311 1269 1396; baseline -0.023 -3"><span class='ocrx_word' id='word_1_90' title='bbox 209 1335 298 1393; x_wconf 85' lang='lat' dir='ltr'><strong>iuxta</strong></span> <span class='ocrx_word' id='word_1_91' title='bbox 316 1323 481 1388; x_wconf 88' lang='lat' dir='ltr'><strong>scientiam</strong></span> <span class='ocrx_word' id='word_1_92' title='bbox 497 1322 587 1380; x_wconf 90' lang='lat' dir='ltr'><strong>nobis</strong></span> <span class='ocrx_word' id='word_1_93' title='bbox 604 1319 757 1379; x_wconf 85' lang='lat' dir='ltr'><strong>divinitus</strong></span> <span class='ocrx_word' id='word_1_94' title='bbox 782 1341 986 1396; x_wconf 85' lang='lat' dir='ltr'><strong>concessam,</strong></span> <span class='ocrx_word' id='word_1_95' title='bbox 1008 1319 1167 1380; x_wconf 86' lang='lat' dir='ltr'><strong>Ecclesiae</strong></span> <span class='ocrx_word' id='word_1_96' title='bbox 1177 1313 1226 1374; x_wconf 85' lang='lat' dir='ltr'><strong>Ilei</strong></span> <span class='ocrx_word' id='word_1_97' title='bbox 1236 1311 1269 1372; x_wconf 87' lang='lat' dir='ltr'><strong>di·</strong></span> 
     </span>
     <span class='ocr_line' id='line_1_14' title="bbox 210 1395 1269 1498; baseline -0.022 -25"><span class='ocrx_word' id='word_1_98' title='bbox 210 1433 309 1498; x_wconf 80' lang='lat' dir='ltr'><strong>gnam</strong></span> <span class='ocrx_word' id='word_1_99' title='bbox 334 1405 529 1468; x_wconf 89' lang='lat' dir='ltr'><strong>constituere</strong></span> <span class='ocrx_word' id='word_1_100' title='bbox 555 1403 777 1478; x_wconf 87' lang='lat' dir='ltr'><strong>Sacerdotem,</strong></span> <span class='ocrx_word' id='word_1_101' title='bbox 801 1402 863 1484; x_wconf 36' lang='lat' dir='ltr'><strong>,qui</strong></span> <span class='ocrx_word' id='word_1_102' title='bbox 888 1411 919 1462; x_wconf 88' lang='lat' dir='ltr'><strong>et</strong></span> <span class='ocrx_word' id='word_1_103' title='bbox 944 1401 1122 1462; x_wconf 85' lang='lat' dir='ltr'><strong>Ecclesiam</strong></span> <span class='ocrx_word' id='word_1_104' title='bbox 1147 1395 1269 1457; x_wconf 79' lang='lat' dir='ltr'><strong>canonice</strong></span> 
     </span>
     <span class='ocr_line' id='line_1_15' title="bbox 211 1479 1271 1569; baseline -0.021 -13"><span class='ocrx_word' id='word_1_105' title='bbox 211 1496 290 1560; x_wconf 89' lang='lat' dir='ltr'><strong>sciat</strong></span> <span class='ocrx_word' id='word_1_106' title='bbox 307 1489 462 1569; x_wconf 83' lang='lat' dir='ltr'><strong>dirigere,</strong></span> <span class='ocrx_word' id='word_1_107' title='bbox 486 1496 517 1545; x_wconf 88' lang='lat' dir='ltr'><strong>ct</strong></span> <span class='ocrx_word' id='word_1_108' title='bbox 536 1486 574 1545; x_wconf 88' lang='lat' dir='ltr'><strong>ad</strong></span> <span class='ocrx_word' id='word_1_109' title='bbox 597 1493 735 1544; x_wconf 90' lang='lat' dir='ltr'><strong>nostram</strong></span> <span class='ocrx_word' id='word_1_110' title='bbox 753 1485 957 1566; x_wconf 90' lang='lat' dir='ltr'><strong>obsequelam</strong></span> <span class='ocrx_word' id='word_1_111' title='bbox 975 1493 1007 1544; x_wconf 91' lang='lat' dir='ltr'><strong>et</strong></span> <span class='ocrx_word' id='word_1_112' title='bbox 1025 1479 1216 1564; x_wconf 86' lang='lat' dir='ltr'><strong>obsequium,</strong></span> <span class='ocrx_word' id='word_1_113' title='bbox 1233 1495 1271 1558; x_wconf 88' lang='lat' dir='ltr'><strong>per</strong></span> 
     </span>
     <span class='ocr_line' id='line_1_16' title="bbox 212 1555 1271 1640; baseline -0.024 0"><span class='ocrx_word' id='word_1_114' title='bbox 212 1576 321 1640; x_wconf 86' lang='lat' dir='ltr'><strong>aetatis</strong></span> <span class='ocrx_word' id='word_1_115' title='bbox 341 1581 372 1634; x_wconf 90' lang='lat' dir='ltr'><strong>et</strong></span> <span class='ocrx_word' id='word_1_116' title='bbox 392 1568 567 1628; x_wconf 86' lang='lat' dir='ltr'><strong>industriae</strong></span> <span class='ocrx_word' id='word_1_117' title='bbox 586 1567 840 1627; x_wconf 84' lang='lat' dir='ltr'><strong>commoditatem</strong></span> <span class='ocrx_word' id='word_1_118' title='bbox 862 1566 1001 1627; x_wconf 82' lang='lat' dir='ltr'><strong>sufficiat</strong></span> <span class='ocrx_word' id='word_1_119' title='bbox 1018 1583 1196 1635; x_wconf 88' lang='lat' dir='ltr'><strong>occurrere,</strong></span> <span class='ocrx_word' id='word_1_120' title='bbox 1213 1555 1271 1638; x_wconf 87' lang='lat' dir='ltr'><strong>quod</strong></span> 
     </span>
     <span class='ocr_line' id='line_1_17' title="bbox 213 1641 1272 1730; baseline -0.024 -9"><span class='ocrx_word' id='word_1_121' title='bbox 213 1661 308 1721; x_wconf 89' lang='lat' dir='ltr'><strong>etiam</strong></span> <span class='ocrx_word' id='word_1_122' title='bbox 331 1651 466 1727; x_wconf 89' lang='lat' dir='ltr'><strong>caeteri,</strong></span> <span class='ocrx_word' id='word_1_123' title='bbox 488 1649 514 1709; x_wconf 92' lang='lat' dir='ltr'><strong>si</strong></span> <span class='ocrx_word' id='word_1_124' title='bbox 537 1648 730 1730; x_wconf 80' lang='lat' dir='ltr'><strong>perveniant</strong></span> <span class='ocrx_word' id='word_1_125' title='bbox 758 1649 797 1708; x_wconf 92' lang='lat' dir='ltr'><strong>ad</strong></span> <span class='ocrx_word' id='word_1_126' title='bbox 822 1648 1050 1730; x_wconf 87' lang='lat' dir='ltr'><strong>Episcopium,</strong></span> <span class='ocrx_word' id='word_1_127' title='bbox 1079 1645 1138 1707; x_wconf 93' lang='lat' dir='ltr'><strong>sibi</strong></span> <span class='ocrx_word' id='word_1_128' title='bbox 1163 1641 1272 1702; x_wconf 76' lang='lat' dir='ltr'><strong>noverint</strong></span> 
     </span>
     <span class='ocr_line' id='line_1_18' title="bbox 214 1721 1272 1804; baseline -0.026 -1"><span class='ocrx_word' id='word_1_129' title='bbox 214 1737 427 1804; x_wconf 86' lang='lat' dir='ltr'><strong>subeundum.</strong></span> <span class='ocrx_word' id='word_1_130' title='bbox 469 1734 512 1790; x_wconf 90' lang='lat' dir='ltr'><strong>Ut</strong></span> <span class='ocrx_word' id='word_1_131' title='bbox 534 1741 639 1792; x_wconf 88' lang='lat' dir='ltr'><strong>autem</strong></span> <span class='ocrx_word' id='word_1_132' title='bbox 658 1729 737 1790; x_wconf 88' lang='lat' dir='ltr'><strong>haec</strong></span> <span class='ocrx_word' id='word_1_133' title='bbox 759 1721 922 1791; x_wconf 83' lang='lat' dir='ltr'><strong>concessio</strong></span> <span class='ocrx_word' id='word_1_134' title='bbox 944 1740 1052 1790; x_wconf 90' lang='lat' dir='ltr'><strong>nostra</strong></span> <span class='ocrx_word' id='word_1_135' title='bbox 1069 1725 1210 1788; x_wconf 87' lang='lat' dir='ltr'><strong>firmitatis</strong></span> <span class='ocrx_word' id='word_1_136' title='bbox 1224 1739 1272 1783; x_wconf 82' lang='lat' dir='ltr'><strong>suae</strong></span> 
     </span>
     <span class='ocr_line' id='line_1_19' title="bbox 215 1811 1273 1894; baseline -0.024 -9"><span class='ocrx_word' id='word_1_137' title='bbox 215 1826 405 1886; x_wconf 88' lang='lat' dir='ltr'><strong>diuturnum</strong></span> <span class='ocrx_word' id='word_1_138' title='bbox 425 1813 571 1876; x_wconf 91' lang='lat' dir='ltr'><strong>obtinere</strong></span> <span class='ocrx_word' id='word_1_139' title='bbox 593 1812 692 1894; x_wconf 90' lang='lat' dir='ltr'><strong>possit</strong></span> <span class='ocrx_word' id='word_1_140' title='bbox 712 1813 870 1893; x_wconf 83' lang='lat' dir='ltr'><strong>vigorem,</strong></span> <span class='ocrx_word' id='word_1_141' title='bbox 892 1812 1017 1894; x_wconf 89' lang='lat' dir='ltr'><strong>placuit</strong></span> <span class='ocrx_word' id='word_1_142' title='bbox 1038 1811 1130 1872; x_wconf 88' lang='lat' dir='ltr'><strong>nobis</strong></span> <span class='ocrx_word' id='word_1_143' title='bbox 1153 1829 1211 1868; x_wconf 89' lang='lat' dir='ltr'><strong>eam</strong></span> <span class='ocrx_word' id='word_1_144' title='bbox 1227 1825 1273 1886; x_wconf 84' lang='lat' dir='ltr'><strong>pro</strong></span> 
     </span>
     <span class='ocr_line' id='line_1_20' title="bbox 215 1887 1273 1990; baseline -0.024 -25"><span class='ocrx_word' id='word_1_145' title='bbox 215 1907 285 1990; x_wconf 88' lang='lat' dir='ltr'><strong>pria</strong></span> <span class='ocrx_word' id='word_1_146' title='bbox 306 1921 403 1960; x_wconf 87' lang='lat' dir='ltr'><strong>manu</strong></span> <span class='ocrx_word' id='word_1_147' title='bbox 424 1896 594 1970; x_wconf 88' lang='lat' dir='ltr'><strong>roborare,</strong></span> <span class='ocrx_word' id='word_1_148' title='bbox 624 1903 656 1953; x_wconf 90' lang='lat' dir='ltr'><strong>et</strong></span> <span class='ocrx_word' id='word_1_149' title='bbox 681 1895 793 1954; x_wconf 89' lang='lat' dir='ltr'><strong>annuli</strong></span> <span class='ocrx_word' id='word_1_150' title='bbox 821 1895 921 1953; x_wconf 79' lang='lat' dir='ltr'><strong>nostri</strong></span> <span class='ocrx_word' id='word_1_151' title='bbox 949 1893 1155 1976; x_wconf 90' lang='lat' dir='ltr'><strong>impressione</strong></span> <span class='ocrx_word' id='word_1_152' title='bbox 1176 1887 1273 1948; x_wconf 86' lang='lat' dir='ltr'><strong>munire.</strong></span> 
     </span>
     <span class='ocr_line' id='line_1_21' title="bbox 162 1971 1274 2068; baseline -0.021 -21"><span class='ocrx_word' id='word_1_153' title='bbox 162 1989 165 1993; x_wconf 79' lang='grc'><strong>’</strong></span> <span class='ocrx_word' id='word_1_154' title='bbox 218 1989 353 2068; x_wconf 82' lang='lat' dir='ltr'><strong>Signum</strong></span> <span class='ocrx_word' id='word_1_155' title='bbox 369 1981 406 2044; x_wconf 84' lang='lat' dir='ltr'><strong>K.</strong></span> <span class='ocrx_word' id='word_1_156' title='bbox 429 1975 628 2040; x_wconf 77' lang='lat' dir='ltr'><strong>serenissimi</strong></span> <span class='ocrx_word' id='word_1_157' title='bbox 648 1975 743 2056; x_wconf 81' lang='lat' dir='ltr'><strong>Regis</strong></span> <span class='ocrx_word' id='word_1_158' title='bbox 763 1977 795 2034; x_wconf 89' lang='lat' dir='ltr'><strong>in</strong></span> <span class='ocrx_word' id='word_1_159' title='bbox 818 1977 977 2036; x_wconf 88' lang='lat' dir='ltr'><strong>Orientali</strong></span> <span class='ocrx_word' id='word_1_160' title='bbox 1000 1973 1138 2036; x_wconf 86' lang='lat' dir='ltr'><strong>Francia</strong></span> <span class='ocrx_word' id='word_1_161' title='bbox 1158 1973 1217 2032; x_wconf 88' lang='lat' dir='ltr'><strong>data</strong></span> <span class='ocrx_word' id='word_1_162' title='bbox 1232 1971 1274 2027; x_wconf 84' lang='lat' dir='ltr'><strong>lla-</strong></span> 
     </span>
     <span class='ocr_line' id='line_1_22' title="bbox 218 2051 1274 2140; baseline -0.024 -10"><span class='ocrx_word' id='word_1_163' title='bbox 218 2069 305 2131; x_wconf 90' lang='lat' dir='ltr'><strong>lend.</strong></span> <span class='ocrx_word' id='word_1_164' title='bbox 324 2061 400 2126; x_wconf 86' lang='lat' dir='ltr'><strong>Maii</strong></span> <span class='ocrx_word' id='word_1_165' title='bbox 417 2079 502 2120; x_wconf 90' lang='lat' dir='ltr'><strong>anno</strong></span> <span class='ocrx_word' id='word_1_166' title='bbox 523 2057 651 2140; x_wconf 88' lang='lat' dir='ltr'><strong>lmperii</strong></span> <span class='ocrx_word' id='word_1_167' title='bbox 672 2059 741 2118; x_wconf 89' lang='lat' dir='ltr'><strong>eius</strong></span> <span class='ocrx_word' id='word_1_168' title='bbox 756 2060 794 2122; x_wconf 87' lang='lat' dir='ltr'><strong>V.</strong></span> <span class='ocrx_word' id='word_1_169' title='bbox 810 2069 914 2118; x_wconf 88' lang='lat' dir='ltr'><strong>actum</strong></span> <span class='ocrx_word' id='word_1_170' title='bbox 931 2058 1057 2139; x_wconf 80' lang='lat' dir='ltr'><strong>Regino</strong></span> <span class='ocrx_word' id='word_1_171' title='bbox 1075 2064 1160 2118; x_wconf 87' lang='lat' dir='ltr'><strong>curte</strong></span> <span class='ocrx_word' id='word_1_172' title='bbox 1173 2051 1274 2134; x_wconf 84' lang='lat' dir='ltr'><strong>publica,</strong></span> 
     </span>
     <span class='ocr_line' id='line_1_23' title="bbox 218 2132 1275 2229; baseline -0.024 -17"><span class='ocrx_word' id='word_1_173' title='bbox 218 2155 251 2212; x_wconf 86' lang='lat' dir='ltr'><strong>in</strong></span> <span class='ocrx_word' id='word_1_174' title='bbox 272 2151 380 2229; x_wconf 75' lang='lat' dir='ltr'><strong>Regno</strong></span> <span class='ocrx_word' id='word_1_175' title='bbox 399 2140 637 2218; x_wconf 87' lang='lat' dir='ltr'><strong>Baioariorum,</strong></span> <span class='ocrx_word' id='word_1_176' title='bbox 660 2161 745 2199; x_wconf 89' lang='lat' dir='ltr'><strong>anno</strong></span> <span class='ocrx_word' id='word_1_177' title='bbox 767 2140 805 2200; x_wconf 92' lang='lat' dir='ltr'><strong>ab</strong></span> <span class='ocrx_word' id='word_1_178' title='bbox 824 2139 1045 2202; x_wconf 85' lang='lat' dir='ltr'><strong>incarnatione</strong></span> <span class='ocrx_word' id='word_1_179' title='bbox 1064 2136 1187 2200; x_wconf 87' lang='lat' dir='ltr'><strong>Domini</strong></span> <span class='ocrx_word' id='word_1_180' title='bbox 1206 2132 1275 2214; x_wconf 86' lang='lat' dir='ltr'><strong>quali·</strong></span> 
     </span>
     <span class='ocr_line' id='line_1_24' title="bbox 218 2222 706 2310; baseline -0.02 -20"><span class='ocrx_word' id='word_1_181' title='bbox 218 2249 369 2310; x_wconf 81' lang='lat' dir='ltr'><strong>cunque,</strong></span> <span class='ocrx_word' id='word_1_182' title='bbox 391 2223 566 2284; x_wconf 89' lang='lat' dir='ltr'><strong>indictione</strong></span> <span class='ocrx_word' id='word_1_183' title='bbox 584 2222 706 2303; x_wconf 81' lang='lat' dir='ltr'><strong>quavis.</strong></span> 
     </span>
    </p>

    <p class='ocr_par' dir='ltr' id='par_1_3' title="bbox 221 2294 1286 4280">
     <span class='ocr_line' id='line_1_25' title="bbox 305 2294 1277 2369; baseline -0.017 0"><span class='ocrx_word' id='word_1_184' title='bbox 305 2309 374 2369; x_wconf 86' lang='lat' dir='ltr'><strong>Vll.</strong></span> <span class='ocrx_word' id='word_1_185' title='bbox 397 2308 434 2366; x_wconf 94' lang='lat' dir='ltr'><strong>lu</strong></span> <span class='ocrx_word' id='word_1_186' title='bbox 462 2305 591 2364; x_wconf 92' lang='lat' dir='ltr'><strong>nomine</strong></span> <span class='ocrx_word' id='word_1_187' title='bbox 614 2303 675 2364; x_wconf 89' lang='lat' dir='ltr'><strong>Dei</strong></span> <span class='ocrx_word' id='word_1_188' title='bbox 702 2312 734 2362; x_wconf 90' lang='lat' dir='ltr'><strong>et</strong></span> <span class='ocrx_word' id='word_1_189' title='bbox 753 2301 884 2365; x_wconf 86' lang='lat' dir='ltr'><strong>Domini</strong></span> <span class='ocrx_word' id='word_1_190' title='bbox 906 2304 1005 2368; x_wconf 88' lang='lat' dir='ltr'><strong>nostri</strong></span> <span class='ocrx_word' id='word_1_191' title='bbox 1033 2305 1105 2366; x_wconf 90' lang='lat' dir='ltr'><strong>lesu</strong></span> <span class='ocrx_word' id='word_1_192' title='bbox 1133 2294 1277 2361; x_wconf 69' lang='lat' dir='ltr'><strong>Christis.</strong></span> 
     </span>
     <span class='ocr_line' id='line_1_26' title="bbox 221 2378 1277 2467; baseline -0.019 -14"><span class='ocrx_word' id='word_1_193' title='bbox 221 2393 342 2458; x_wconf 81' lang='lat' dir='ltr'><strong>Divina</strong></span> <span class='ocrx_word' id='word_1_194' title='bbox 356 2392 484 2450; x_wconf 79' lang='lat' dir='ltr'><strong>favente</strong></span> <span class='ocrx_word' id='word_1_195' title='bbox 501 2383 768 2451; x_wconf 85' lang='lat' dir='ltr'><strong>clementia&#39;Rex.</strong></span> <span class='ocrx_word' id='word_1_196' title='bbox 809 2387 972 2467; x_wconf 89' lang='lat' dir='ltr'><strong>Quicquid</strong></span> <span class='ocrx_word' id='word_1_197' title='bbox 993 2385 1034 2447; x_wconf 86' lang='lat' dir='ltr'><strong>ad</strong></span> <span class='ocrx_word' id='word_1_198' title='bbox 1052 2389 1121 2446; x_wconf 88' lang='lat' dir='ltr'><strong>loca</strong></span> <span class='ocrx_word' id='word_1_199' title='bbox 1138 2389 1227 2443; x_wconf 90' lang='lat' dir='ltr'><strong>sancta</strong></span> <span class='ocrx_word' id='word_1_200' title='bbox 1239 2378 1277 2434; x_wconf 89' lang='lat' dir='ltr'><strong>im·</strong></span> 
     </span>
     <span class='ocr_line' id='line_1_27' title="bbox 221 2463 1278 2560; baseline -0.021 -24"><span class='ocrx_word' id='word_1_201' title='bbox 221 2475 415 2560; x_wconf 82' lang='lat' dir='ltr'><strong>pendiorum</strong></span> <span class='ocrx_word' id='word_1_202' title='bbox 431 2471 579 2528; x_wconf 88' lang='lat' dir='ltr'><strong>conferre</strong></span> <span class='ocrx_word' id='word_1_203' title='bbox 599 2468 839 2540; x_wconf 84' lang='lat' dir='ltr'><strong>curaverimus,</strong></span> <span class='ocrx_word' id='word_1_204' title='bbox 862 2471 968 2530; x_wconf 90' lang='lat' dir='ltr'><strong>Deum</strong></span> <span class='ocrx_word' id='word_1_205' title='bbox 988 2469 1082 2529; x_wconf 89' lang='lat' dir='ltr'><strong>nobis</strong></span> <span class='ocrx_word' id='word_1_206' title='bbox 1107 2487 1162 2550; x_wconf 91' lang='lat' dir='ltr'><strong>pro</strong></span> <span class='ocrx_word' id='word_1_207' title='bbox 1182 2463 1231 2523; x_wconf 90' lang='lat' dir='ltr'><strong>boc</strong></span> <span class='ocrx_word' id='word_1_208' title='bbox 1247 2477 1278 2516; x_wconf 88' lang='lat' dir='ltr'><strong>re·</strong></span> 
     </span>
     <span class='ocr_line' id='line_1_28' title="bbox 224 2549 1278 2632; baseline -0.019 -14"><span class='ocrx_word' id='word_1_209' title='bbox 224 2562 461 2618; x_wconf 85' lang='lat' dir='ltr'><strong>muneratorem</strong></span> <span class='ocrx_word' id='word_1_210' title='bbox 483 2549 657 2632; x_wconf 89' lang='lat' dir='ltr'><strong>promereri</strong></span> <span class='ocrx_word' id='word_1_211' title='bbox 677 2549 889 2611; x_wconf 86' lang='lat' dir='ltr'><strong>confidimus:</strong></span> <span class='ocrx_word' id='word_1_212' title='bbox 917 2560 949 2611; x_wconf 92' lang='lat' dir='ltr'><strong>et</strong></span> <span class='ocrx_word' id='word_1_213' title='bbox 967 2550 1044 2611; x_wconf 88' lang='lat' dir='ltr'><strong>ideo</strong></span> <span class='ocrx_word' id='word_1_214' title='bbox 1069 2549 1173 2609; x_wconf 87' lang='lat' dir='ltr'><strong>fideles</strong></span> <span class='ocrx_word' id='word_1_215' title='bbox 1191 2551 1278 2602; x_wconf 81' lang='lat' dir='ltr'><strong>nostros</strong></span> 
     </span>
     <span class='ocr_line' id='line_1_29' title="bbox 225 2621 1278 2718; baseline -0.02 -17"><span class='ocrx_word' id='word_1_216' title='bbox 225 2638 307 2701; x_wconf 89' lang='lat' dir='ltr'><strong>scire</strong></span> <span class='ocrx_word' id='word_1_217' title='bbox 322 2635 493 2718; x_wconf 17' lang='lat' dir='ltr'><strong>lactamus,</strong></span> <span class='ocrx_word' id='word_1_218' title='bbox 515 2631 601 2712; x_wconf 91' lang='lat' dir='ltr'><strong>quod</strong></span> <span class='ocrx_word' id='word_1_219' title='bbox 623 2631 678 2691; x_wconf 91' lang='lat' dir='ltr'><strong>ille</strong></span> <span class='ocrx_word' id='word_1_220' title='bbox 697 2632 889 2692; x_wconf 83' lang='lat' dir='ltr'><strong>venerabilis</strong></span> <span class='ocrx_word' id='word_1_221' title='bbox 907 2631 1086 2714; x_wconf 88' lang='lat' dir='ltr'><strong>Episcopus</strong></span> <span class='ocrx_word' id='word_1_222' title='bbox 1101 2627 1240 2690; x_wconf 87' lang='lat' dir='ltr'><strong>Ecclesiae</strong></span> <span class='ocrx_word' id='word_1_223' title='bbox 1253 2621 1278 2677; x_wconf 90' lang='lat' dir='ltr'><strong>il-</strong></span> 
     </span>
     <span class='ocr_line' id='line_1_30' title="bbox 226 2703 1279 2800; baseline -0.02 -19"><span class='ocrx_word' id='word_1_224' title='bbox 226 2723 290 2782; x_wconf 91' lang='lat' dir='ltr'><strong>lius</strong></span> <span class='ocrx_word' id='word_1_225' title='bbox 306 2739 365 2800; x_wconf 88' lang='lat' dir='ltr'><strong>per</strong></span> <span class='ocrx_word' id='word_1_226' title='bbox 381 2714 552 2776; x_wconf 86' lang='lat' dir='ltr'><strong>familiares</strong></span> <span class='ocrx_word' id='word_1_227' title='bbox 571 2712 780 2773; x_wconf 87' lang='lat' dir='ltr'><strong>Celsitudinis</strong></span> <span class='ocrx_word' id='word_1_228' title='bbox 799 2725 923 2774; x_wconf 90' lang='lat' dir='ltr'><strong>nostrae</strong></span> <span class='ocrx_word' id='word_1_229' title='bbox 938 2715 1094 2776; x_wconf 90' lang='lat' dir='ltr'><strong>Pietatem</strong></span> <span class='ocrx_word' id='word_1_230' title='bbox 1112 2717 1230 2772; x_wconf 87' lang='lat' dir='ltr'><strong>nostram</strong></span> <span class='ocrx_word' id='word_1_231' title='bbox 1242 2703 1279 2761; x_wconf 83' lang='lat' dir='ltr'><strong>lla·</strong></span> 
     </span>
     <span class='ocr_line' id='line_1_31' title="bbox 227 2783 1279 2886; baseline -0.022 -24"><span class='ocrx_word' id='word_1_232' title='bbox 227 2804 327 2886; x_wconf 80' lang='lat' dir='ltr'><strong>gitare</strong></span> <span class='ocrx_word' id='word_1_233' title='bbox 343 2798 482 2860; x_wconf 86' lang='lat' dir='ltr'><strong>confisus</strong></span> <span class='ocrx_word' id='word_1_234' title='bbox 500 2805 564 2872; x_wconf 79' lang='lat' dir='ltr'><strong>est„</strong></span> <span class='ocrx_word' id='word_1_235' title='bbox 586 2805 621 2854; x_wconf 91' lang='lat' dir='ltr'><strong>ut</strong></span> <span class='ocrx_word' id='word_1_236' title='bbox 638 2816 696 2876; x_wconf 87' lang='lat' dir='ltr'><strong>pro</strong></span> <span class='ocrx_word' id='word_1_237' title='bbox 717 2797 909 2879; x_wconf 88' lang='lat' dir='ltr'><strong>Elemosyna</strong></span> <span class='ocrx_word' id='word_1_238' title='bbox 931 2807 1057 2871; x_wconf 83' lang='lat' dir='ltr'><strong>nostra,</strong></span> <span class='ocrx_word' id='word_1_239' title='bbox 1079 2805 1110 2856; x_wconf 90' lang='lat' dir='ltr'><strong>et</strong></span> <span class='ocrx_word' id='word_1_240' title='bbox 1130 2783 1279 2874; x_wconf 77' lang='lat' dir='ltr'><strong>Angustissi-</strong></span> 
     </span>
     <span class='ocr_line' id='line_1_32' title="bbox 227 2868 1280 2960; baseline -0.014 -15"><span class='ocrx_word' id='word_1_241' title='bbox 227 2905 351 2946; x_wconf 90' lang='lat' dir='ltr'><strong>morum</strong></span> <span class='ocrx_word' id='word_1_242' title='bbox 370 2877 614 2960; x_wconf 84' lang='lat' dir='ltr'><strong>Progenitorum</strong></span> <span class='ocrx_word' id='word_1_243' title='bbox 629 2887 810 2937; x_wconf 89' lang='lat' dir='ltr'><strong>nostrorum</strong></span> <span class='ocrx_word' id='word_1_244' title='bbox 826 2877 995 2959; x_wconf 87' lang='lat' dir='ltr'><strong>quemdam</strong></span> <span class='ocrx_word' id='word_1_245' title='bbox 1011 2879 1139 2938; x_wconf 80' lang='lat' dir='ltr'><strong>Fiscum</strong></span> <span class='ocrx_word' id='word_1_246' title='bbox 1157 2868 1280 2952; x_wconf 71' lang='lat' dir='ltr'><strong>Regaliani</strong></span> 
     </span>
     <span class='ocr_line' id='line_1_33' title="bbox 228 2944 1281 3051; baseline -0.019 -22"><span class='ocrx_word' id='word_1_247' title='bbox 228 2964 479 3051; x_wconf 88' lang='lat' dir='ltr'><strong>possessionum,</strong></span> <span class='ocrx_word' id='word_1_248' title='bbox 501 2959 557 3041; x_wconf 91' lang='lat' dir='ltr'><strong>qui</strong></span> <span class='ocrx_word' id='word_1_249' title='bbox 582 2961 619 3019; x_wconf 87' lang='lat' dir='ltr'><strong>N.</strong></span> <span class='ocrx_word' id='word_1_250' title='bbox 645 2959 763 3020; x_wconf 89' lang='lat' dir='ltr'><strong>dicitur</strong></span> <span class='ocrx_word' id='word_1_251' title='bbox 785 2960 823 3020; x_wconf 89' lang='lat' dir='ltr'><strong>ad</strong></span> <span class='ocrx_word' id='word_1_252' title='bbox 846 2960 979 3020; x_wconf 86' lang='lat' dir='ltr'><strong>eandem</strong></span> <span class='ocrx_word' id='word_1_253' title='bbox 1002 2959 1192 3030; x_wconf 87' lang='lat' dir='ltr'><strong>Ecclesiam,</strong></span> <span class='ocrx_word' id='word_1_254' title='bbox 1214 2959 1238 3010; x_wconf 90' lang='lat' dir='ltr'><strong>et</strong></span> <span class='ocrx_word' id='word_1_255' title='bbox 1257 2944 1281 3003; x_wconf 77' lang='lat' dir='ltr'><strong>al</strong></span> 
     </span>
     <span class='ocr_line' id='line_1_34' title="bbox 232 3041 1283 3124; baseline -0.021 -13"><span class='ocrx_word' id='word_1_256' title='bbox 232 3051 363 3110; x_wconf 86' lang='lat' dir='ltr'><strong>Cleram</strong></span> <span class='ocrx_word' id='word_1_257' title='bbox 384 3043 607 3107; x_wconf 88' lang='lat' dir='ltr'><strong>sustinendum</strong></span> <span class='ocrx_word' id='word_1_258' title='bbox 628 3051 661 3101; x_wconf 90' lang='lat' dir='ltr'><strong>et</strong></span> <span class='ocrx_word' id='word_1_259' title='bbox 677 3042 883 3124; x_wconf 81' lang='lat' dir='ltr'><strong>peregrinos,</strong></span> <span class='ocrx_word' id='word_1_260' title='bbox 914 3051 945 3101; x_wconf 90' lang='lat' dir='ltr'><strong>et</strong></span> <span class='ocrx_word' id='word_1_261' title='bbox 964 3041 1004 3102; x_wconf 90' lang='lat' dir='ltr'><strong>ad</strong></span> <span class='ocrx_word' id='word_1_262' title='bbox 1025 3041 1200 3123; x_wconf 83' lang='lat' dir='ltr'><strong>peregrinos</strong></span> <span class='ocrx_word' id='word_1_263' title='bbox 1217 3049 1283 3092; x_wconf 83' lang='lat' dir='ltr'><strong>suc·-</strong></span> 
     </span>
     <span class='ocr_line' id='line_1_35' title="bbox 231 3109 1284 3212; baseline -0.025 -21"><span class='ocrx_word' id='word_1_264' title='bbox 231 3131 367 3212; x_wconf 89' lang='lat' dir='ltr'><strong>piendos</strong></span> <span class='ocrx_word' id='word_1_265' title='bbox 384 3125 560 3188; x_wconf 87' lang='lat' dir='ltr'><strong>concedere</strong></span> <span class='ocrx_word' id='word_1_266' title='bbox 578 3123 798 3204; x_wconf 82' lang='lat' dir='ltr'><strong>dignaremur,</strong></span> <span class='ocrx_word' id='word_1_267' title='bbox 819 3133 850 3184; x_wconf 88' lang='lat' dir='ltr'><strong>et</strong></span> <span class='ocrx_word' id='word_1_268' title='bbox 867 3123 994 3182; x_wconf 89' lang='lat' dir='ltr'><strong>eosdem</strong></span> <span class='ocrx_word' id='word_1_269' title='bbox 1014 3123 1223 3184; x_wconf 87' lang='lat' dir='ltr'><strong>intercessores</strong></span> <span class='ocrx_word' id='word_1_270' title='bbox 1239 3109 1284 3170; x_wconf 85' lang='lat' dir='ltr'><strong>atla-</strong></span> 
     </span>
     <span class='ocr_line' id='line_1_36' title="bbox 234 3197 1283 3287; baseline -0.02 -13"><span class='ocrx_word' id='word_1_271' title='bbox 234 3211 351 3276; x_wconf 90' lang='lat' dir='ltr'><strong>bilitati</strong></span> <span class='ocrx_word' id='word_1_272' title='bbox 373 3219 498 3270; x_wconf 88' lang='lat' dir='ltr'><strong>nostrae</strong></span> <span class='ocrx_word' id='word_1_273' title='bbox 518 3213 710 3286; x_wconf 88' lang='lat' dir='ltr'><strong>conquestus</strong></span> <span class='ocrx_word' id='word_1_274' title='bbox 727 3205 824 3287; x_wconf 90' lang='lat' dir='ltr'><strong>ipsius</strong></span> <span class='ocrx_word' id='word_1_275' title='bbox 841 3205 1005 3266; x_wconf 87' lang='lat' dir='ltr'><strong>Ecclesiae</strong></span> <span class='ocrx_word' id='word_1_276' title='bbox 1025 3203 1147 3267; x_wconf 88' lang='lat' dir='ltr'><strong>reculas</strong></span> <span class='ocrx_word' id='word_1_277' title='bbox 1164 3197 1239 3262; x_wconf 80' lang='lat' dir='ltr'><strong>valde</strong></span> <span class='ocrx_word' id='word_1_278' title='bbox 1253 3202 1283 3249; x_wconf 70' lang='lat' dir='ltr'><strong>te·</strong></span> 
     </span>
     <span class='ocr_line' id='line_1_37' title="bbox 236 3277 1285 3366; baseline -0.027 -10"><span class='ocrx_word' id='word_1_279' title='bbox 236 3294 403 3356; x_wconf 83' lang='lat' dir='ltr'><strong>unissimus</strong></span> <span class='ocrx_word' id='word_1_280' title='bbox 425 3312 491 3351; x_wconf 88' lang='lat' dir='ltr'><strong>esse</strong></span> <span class='ocrx_word' id='word_1_281' title='bbox 506 3335 514 3365; x_wconf 92' lang='lat'><strong>,</strong></span> <span class='ocrx_word' id='word_1_282' title='bbox 529 3288 566 3348; x_wconf 92' lang='lat' dir='ltr'><strong>de</strong></span> <span class='ocrx_word' id='word_1_283' title='bbox 582 3285 697 3366; x_wconf 87' lang='lat' dir='ltr'><strong>quibus</strong></span> <span class='ocrx_word' id='word_1_284' title='bbox 716 3298 748 3348; x_wconf 93' lang='lat' dir='ltr'><strong>et</strong></span> <span class='ocrx_word' id='word_1_285' title='bbox 766 3296 890 3348; x_wconf 89' lang='lat' dir='ltr'><strong>nostrae</strong></span> <span class='ocrx_word' id='word_1_286' title='bbox 908 3286 1109 3348; x_wconf 89' lang='lat' dir='ltr'><strong>sublimitatis</strong></span> <span class='ocrx_word' id='word_1_287' title='bbox 1129 3277 1254 3360; x_wconf 91' lang='lat' dir='ltr'><strong>obsequio</strong></span> <span class='ocrx_word' id='word_1_288' title='bbox 1266 3279 1285 3328; x_wconf 86' lang='lat' dir='ltr'><strong>et</strong></span> 
     </span>
     <span class='ocr_line' id='line_1_38' title="bbox 234 3355 1285 3456; baseline -0.021 -18"><span class='ocrx_word' id='word_1_289' title='bbox 234 3399 293 3442; x_wconf 87' lang='lat' dir='ltr'><strong>suo</strong></span> <span class='ocrx_word' id='word_1_290' title='bbox 316 3372 495 3456; x_wconf 85' lang='lat' dir='ltr'><strong>ministerio</strong></span> <span class='ocrx_word' id='word_1_291' title='bbox 518 3370 697 3430; x_wconf 81' lang='lat' dir='ltr'><strong>satisfacere</strong></span> <span class='ocrx_word' id='word_1_292' title='bbox 720 3370 878 3450; x_wconf 87' lang='lat' dir='ltr'><strong>nequiret.</strong></span> <span class='ocrx_word' id='word_1_293' title='bbox 918 3367 1111 3430; x_wconf 84' lang='lat' dir='ltr'><strong>Rationabili</strong></span> <span class='ocrx_word' id='word_1_294' title='bbox 1136 3365 1221 3448; x_wconf 81' lang='lat' dir='ltr'><strong>igitur</strong></span> <span class='ocrx_word' id='word_1_295' title='bbox 1241 3355 1285 3416; x_wconf 79' lang='lat' dir='ltr'><strong>eius</strong></span> 
     </span>
     <span class='ocr_line' id='line_1_39' title="bbox 234 3451 1285 3544; baseline -0.028 -23"><span class='ocrx_word' id='word_1_296' title='bbox 234 3457 555 3544; x_wconf 88' lang='lat' dir='ltr'><strong>petitioniassensum</strong></span> <span class='ocrx_word' id='word_1_297' title='bbox 576 3462 700 3512; x_wconf 90' lang='lat' dir='ltr'><strong>nostrae</strong></span> <span class='ocrx_word' id='word_1_298' title='bbox 718 3451 869 3532; x_wconf 83' lang='lat' dir='ltr'><strong>largitatis</strong></span> <span class='ocrx_word' id='word_1_299' title='bbox 886 3451 1176 3522; x_wconf 88' lang='lat' dir='ltr'><strong>accommodantes,</strong></span> <span class='ocrx_word' id='word_1_300' title='bbox 1195 3455 1285 3502; x_wconf 84' lang='lat' dir='ltr'><strong>conces·</strong></span> 
     </span>
     <span class='ocr_line' id='line_1_40' title="bbox 237 3514 1286 3615; baseline -0.022 -13"><span class='ocrx_word' id='word_1_301' title='bbox 237 3543 334 3602; x_wconf 88' lang='lat' dir='ltr'><strong>simus</strong></span> <span class='ocrx_word' id='word_1_302' title='bbox 353 3539 392 3598; x_wconf 91' lang='lat' dir='ltr'><strong>ad</strong></span> <span class='ocrx_word' id='word_1_303' title='bbox 417 3537 519 3615; x_wconf 91' lang='lat' dir='ltr'><strong>ipsum</strong></span> <span class='ocrx_word' id='word_1_304' title='bbox 536 3533 665 3593; x_wconf 91' lang='lat' dir='ltr'><strong>titulum</strong></span> <span class='ocrx_word' id='word_1_305' title='bbox 686 3533 880 3594; x_wconf 88' lang='lat' dir='ltr'><strong>Pastoralem</strong></span> <span class='ocrx_word' id='word_1_306' title='bbox 899 3544 1022 3595; x_wconf 87' lang='lat' dir='ltr'><strong>curtem</strong></span> <span class='ocrx_word' id='word_1_307' title='bbox 1043 3555 1101 3594; x_wconf 88' lang='lat' dir='ltr'><strong>seu</strong></span> <span class='ocrx_word' id='word_1_308' title='bbox 1122 3531 1217 3592; x_wconf 83' lang='lat' dir='ltr'><strong>liscum</strong></span> <span class='ocrx_word' id='word_1_309' title='bbox 1234 3514 1286 3580; x_wconf 69' lang='lat' dir='ltr'><strong>iuris</strong></span> 
     </span>
     <span class='ocr_line' id='line_1_41' title="bbox 236 3609 1285 3704; baseline -0.026 -20"><span class='ocrx_word' id='word_1_310' title='bbox 236 3620 358 3704; x_wconf 81' lang='lat' dir='ltr'><strong>proprii</strong></span> <span class='ocrx_word' id='word_1_311' title='bbox 380 3627 411 3678; x_wconf 91' lang='lat' dir='ltr'><strong>et</strong></span> <span class='ocrx_word' id='word_1_312' title='bbox 427 3615 552 3698; x_wconf 81' lang='lat' dir='ltr'><strong>Regalis</strong></span> <span class='ocrx_word' id='word_1_313' title='bbox 573 3615 604 3673; x_wconf 92' lang='lat' dir='ltr'><strong>in</strong></span> <span class='ocrx_word' id='word_1_314' title='bbox 629 3614 687 3674; x_wconf 95' lang='lat' dir='ltr'><strong>illo</strong></span> <span class='ocrx_word' id='word_1_315' title='bbox 704 3626 738 3675; x_wconf 93' lang='lat' dir='ltr'><strong>et</strong></span> <span class='ocrx_word' id='word_1_316' title='bbox 756 3615 813 3674; x_wconf 94' lang='lat' dir='ltr'><strong>illo</strong></span> <span class='ocrx_word' id='word_1_317' title='bbox 837 3615 925 3693; x_wconf 92' lang='lat' dir='ltr'><strong>loco,</strong></span> <span class='ocrx_word' id='word_1_318' title='bbox 946 3626 1033 3677; x_wconf 86' lang='lat' dir='ltr'><strong>tanta</strong></span> <span class='ocrx_word' id='word_1_319' title='bbox 1051 3622 1171 3674; x_wconf 88' lang='lat' dir='ltr'><strong>nostrae</strong></span> <span class='ocrx_word' id='word_1_320' title='bbox 1190 3609 1285 3689; x_wconf 79' lang='lat' dir='ltr'><strong>potesta·</strong></span> 
     </span>
     <span class='ocr_line' id='line_1_42' title="bbox 236 3674 1285 3778; baseline -0.02 -12"><span class='ocrx_word' id='word_1_321' title='bbox 236 3706 277 3766; x_wconf 90' lang='lat' dir='ltr'><strong>tis</strong></span> <span class='ocrx_word' id='word_1_322' title='bbox 293 3700 497 3774; x_wconf 88' lang='lat' dir='ltr'><strong>auctoritate,</strong></span> <span class='ocrx_word' id='word_1_323' title='bbox 521 3707 556 3756; x_wconf 91' lang='lat' dir='ltr'><strong>ut</strong></span> <span class='ocrx_word' id='word_1_324' title='bbox 577 3696 659 3757; x_wconf 91' lang='lat' dir='ltr'><strong>sicut</strong></span> <span class='ocrx_word' id='word_1_325' title='bbox 678 3717 780 3776; x_wconf 90' lang='lat' dir='ltr'><strong>usque</strong></span> <span class='ocrx_word' id='word_1_326' title='bbox 803 3717 892 3759; x_wconf 89' lang='lat' dir='ltr'><strong>nnnc</strong></span> <span class='ocrx_word' id='word_1_327' title='bbox 910 3699 1039 3760; x_wconf 90' lang='lat' dir='ltr'><strong>eaedem</strong></span> <span class='ocrx_word' id='word_1_328' title='bbox 1058 3691 1245 3778; x_wconf 80' lang='lat' dir='ltr'><strong>possessiones</strong></span> <span class='ocrx_word' id='word_1_329' title='bbox 1262 3674 1285 3735; x_wconf 74' lang='lat' dir='ltr'><strong>td</strong></span> 
     </span>
     <span class='ocr_line' id='line_1_43' title="bbox 239 3762 1285 3862; baseline -0.019 -15"><span class='ocrx_word' id='word_1_330' title='bbox 239 3807 296 3848; x_wconf 88' lang='lat' dir='ltr'><strong>nos</strong></span> <span class='ocrx_word' id='word_1_331' title='bbox 316 3793 440 3843; x_wconf 89' lang='lat' dir='ltr'><strong>tantum</strong></span> <span class='ocrx_word' id='word_1_332' title='bbox 463 3792 494 3840; x_wconf 89' lang='lat' dir='ltr'><strong>et</strong></span> <span class='ocrx_word' id='word_1_333' title='bbox 516 3787 638 3839; x_wconf 85' lang='lat' dir='ltr'><strong>nostros</strong></span> <span class='ocrx_word' id='word_1_334' title='bbox 659 3777 882 3840; x_wconf 84' lang='lat' dir='ltr'><strong>Ministerialcs</strong></span> <span class='ocrx_word' id='word_1_335' title='bbox 904 3780 1125 3862; x_wconf 88' lang='lat' dir='ltr'><strong>aspectabant,</strong></span> <span class='ocrx_word' id='word_1_336' title='bbox 1147 3775 1187 3832; x_wconf 89' lang='lat' dir='ltr'><strong>ita</strong></span> <span class='ocrx_word' id='word_1_337' title='bbox 1202 3789 1233 3828; x_wconf 79' lang='lat' dir='ltr'><strong>ex</strong></span> <span class='ocrx_word' id='word_1_338' title='bbox 1247 3762 1285 3820; x_wconf 76' lang='lat' dir='ltr'><strong>ll⁰0</strong></span> 
     </span>
     <span class='ocr_line' id='line_1_44' title="bbox 240 3850 1286 3949; baseline -0.02 -19"><span class='ocrx_word' id='word_1_339' title='bbox 240 3871 279 3930; x_wconf 90' lang='lat' dir='ltr'><strong>ad</strong></span> <span class='ocrx_word' id='word_1_340' title='bbox 301 3867 492 3949; x_wconf 87' lang='lat' dir='ltr'><strong>Episcopum</strong></span> <span class='ocrx_word' id='word_1_341' title='bbox 514 3862 576 3920; x_wconf 91' lang='lat' dir='ltr'><strong>loci</strong></span> <span class='ocrx_word' id='word_1_342' title='bbox 598 3861 698 3942; x_wconf 92' lang='lat' dir='ltr'><strong>ipsius</strong></span> <span class='ocrx_word' id='word_1_343' title='bbox 717 3869 749 3920; x_wconf 89' lang='lat' dir='ltr'><strong>et</strong></span> <span class='ocrx_word' id='word_1_344' title='bbox 774 3860 813 3919; x_wconf 92' lang='lat' dir='ltr'><strong>ad</strong></span> <span class='ocrx_word' id='word_1_345' title='bbox 840 3883 893 3922; x_wconf 92' lang='lat' dir='ltr'><strong>eos</strong></span> <span class='ocrx_word' id='word_1_346' title='bbox 916 3871 1038 3922; x_wconf 89' lang='lat' dir='ltr'><strong>tantum</strong></span> <span class='ocrx_word' id='word_1_347' title='bbox 1058 3859 1169 3940; x_wconf 88' lang='lat' dir='ltr'><strong>quibus</strong></span> <span class='ocrx_word' id='word_1_348' title='bbox 1192 3850 1237 3912; x_wconf 87' lang='lat' dir='ltr'><strong>ille</strong></span> <span class='ocrx_word' id='word_1_349' title='bbox 1253 3862 1286 3900; x_wconf 73' lang='lat' dir='ltr'><strong>eu·</strong></span> 
     </span>
     <span class='ocr_line' id='line_1_45' title="bbox 239 3921 1286 4024; baseline -0.017 -12"><span class='ocrx_word' id='word_1_350' title='bbox 239 3973 307 4014; x_wconf 87' lang='lat' dir='ltr'><strong>ram</strong></span> <span class='ocrx_word' id='word_1_351' title='bbox 327 3948 498 4010; x_wconf 80' lang='lat' dir='ltr'><strong>earursdem</strong></span> <span class='ocrx_word' id='word_1_352' title='bbox 518 3965 624 4004; x_wconf 89' lang='lat' dir='ltr'><strong>rerum</strong></span> <span class='ocrx_word' id='word_1_353' title='bbox 644 3942 836 4003; x_wconf 84' lang='lat' dir='ltr'><strong>commiserit</strong></span> <span class='ocrx_word' id='word_1_354' title='bbox 856 3945 1016 4024; x_wconf 88' lang='lat' dir='ltr'><strong>pertinere</strong></span> <span class='ocrx_word' id='word_1_355' title='bbox 1033 3943 1179 4013; x_wconf 86' lang='lat' dir='ltr'><strong>debeant,</strong></span> <span class='ocrx_word' id='word_1_356' title='bbox 1200 3941 1224 3992; x_wconf 78' lang='lat' dir='ltr'><strong>cl</strong></span> <span class='ocrx_word' id='word_1_357' title='bbox 1237 3921 1286 3985; x_wconf 86' lang='lat' dir='ltr'><strong>nnl-</strong></span> 
     </span>
     <span class='ocr_line' id='line_1_46' title="bbox 240 4009 1285 4107; baseline -0.029 -11"><span class='ocrx_word' id='word_1_358' title='bbox 240 4035 292 4096; x_wconf 91' lang='lat' dir='ltr'><strong>lus</strong></span> <span class='ocrx_word' id='word_1_359' title='bbox 305 4035 379 4092; x_wconf 78' lang='lat' dir='ltr'><strong>Dux</strong></span> <span class='ocrx_word' id='word_1_360' title='bbox 390 4039 444 4088; x_wconf 86' lang='lat' dir='ltr'><strong>aut</strong></span> <span class='ocrx_word' id='word_1_361' title='bbox 460 4030 585 4102; x_wconf 90' lang='lat' dir='ltr'><strong>Comes,</strong></span> <span class='ocrx_word' id='word_1_362' title='bbox 608 4045 668 4086; x_wconf 90' lang='lat' dir='ltr'><strong>nec</strong></span> <span class='ocrx_word' id='word_1_363' title='bbox 685 4025 824 4106; x_wconf 88' lang='lat' dir='ltr'><strong>quilibet</strong></span> <span class='ocrx_word' id='word_1_364' title='bbox 838 4026 1009 4107; x_wconf 84' lang='lat' dir='ltr'><strong>superioris</strong></span> <span class='ocrx_word' id='word_1_365' title='bbox 1026 4035 1078 4086; x_wconf 86' lang='lat' dir='ltr'><strong>ant</strong></span> <span class='ocrx_word' id='word_1_366' title='bbox 1092 4014 1233 4083; x_wconf 86' lang='lat' dir='ltr'><strong>inferioris</strong></span> <span class='ocrx_word' id='word_1_367' title='bbox 1245 4009 1285 4066; x_wconf 79' lang='lat' dir='ltr'><strong>ur-</strong></span> 
     </span>
     <span class='ocr_line' id='line_1_47' title="bbox 242 4097 1271 4190; baseline -0.025 -15"><span class='ocrx_word' id='word_1_368' title='bbox 242 4115 328 4190; x_wconf 83' lang='lat' dir='ltr'><strong>dinis</strong></span> <span class='ocrx_word' id='word_1_369' title='bbox 347 4113 463 4186; x_wconf 81' lang='lat' dir='ltr'><strong>Iudex,</strong></span> <span class='ocrx_word' id='word_1_370' title='bbox 484 4108 552 4170; x_wconf 87' lang='lat' dir='ltr'><strong>sive</strong></span> <span class='ocrx_word' id='word_1_371' title='bbox 576 4107 691 4170; x_wconf 87' lang='lat' dir='ltr'><strong>Missus</strong></span> <span class='ocrx_word' id='word_1_372' title='bbox 712 4108 746 4166; x_wconf 91' lang='lat' dir='ltr'><strong>in</strong></span> <span class='ocrx_word' id='word_1_373' title='bbox 767 4107 880 4167; x_wconf 86' lang='lat' dir='ltr'><strong>codem</strong></span> <span class='ocrx_word' id='word_1_374' title='bbox 900 4108 971 4170; x_wconf 92' lang='lat' dir='ltr'><strong>loco</strong></span> <span class='ocrx_word' id='word_1_375' title='bbox 992 4131 1052 4170; x_wconf 91' lang='lat' dir='ltr'><strong>nec</strong></span> <span class='ocrx_word' id='word_1_376' title='bbox 1072 4109 1104 4168; x_wconf 92' lang='lat' dir='ltr'><strong>in</strong></span> <span class='ocrx_word' id='word_1_377' title='bbox 1126 4097 1271 4164; x_wconf 80' lang='lat' dir='ltr'><strong>omnibusa</strong></span> 
     </span>
     <span class='ocr_line' id='line_1_48' title="bbox 241 4175 1283 4280; baseline -0.019 -20"><span class='ocrx_word' id='word_1_378' title='bbox 241 4217 316 4278; x_wconf 66' lang='lat' dir='ltr'><strong>mam</strong></span> <span class='ocrx_word' id='word_1_379' title='bbox 338 4191 654 4280; x_wconf 81' lang='lat' dir='ltr'><strong>pertinentibus,&#39;ct</strong></span> <span class='ocrx_word' id='word_1_380' title='bbox 677 4188 855 4254; x_wconf 83' lang='lat' dir='ltr'><strong>mansiones</strong></span> <span class='ocrx_word' id='word_1_381' title='bbox 875 4187 934 4254; x_wconf 89' lang='lat' dir='ltr'><strong>sibi</strong></span> <span class='ocrx_word' id='word_1_382' title='bbox 959 4211 1068 4278; x_wconf 81' lang='lat' dir='ltr'><strong>parare</strong></span> <span class='ocrx_word' id='word_1_383' title='bbox 1087 4196 1138 4251; x_wconf 88' lang='lat' dir='ltr'><strong>aut</strong></span> <span class='ocrx_word' id='word_1_384' title='bbox 1160 4175 1283 4246; x_wconf 73' lang='lat' dir='ltr'><strong>invaders</strong></span> 
     </span>
    </p>
   </div>
   <div class='ocr_carea' id='block_1_3' title="bbox 0 0 1382 4976">
    <p class='ocr_par' dir='ltr' id='par_1_4' title="bbox 0 0 1382 4976">
     <span class='ocr_line' id='line_1_49' title="bbox 0 0 1382 4976; baseline 0 0"><span class='ocrx_word' id='word_1_385' title='bbox 0 0 1382 4976; x_wconf 95' lang='lat' dir='ltr'><strong> </strong></span> 
     </span>
    </p>
   </div>
  </div>
 </body>
</html>
