2734 4990
510 317 768 404 transumatur
1116 327 1202 406 24³7

96 494 192 558 itaet
212 491 288 553 feci.
329 483 413 572 Ergo
428 486 522 552 trado
543 489 574 550 ei
599 500 630 551 et
646 487 814 550 tradidisse
829 506 880 547 me
906 493 1030 548 constat
1049 485 1204 553 locellum

95 574 303 658 proprietatis
331 592 419 632 meae
451 581 674 654 nuncupatum
699 570 813 646 illum,
843 569 940 648 situm
965 568 999 628 in
1023 592 1105 654 pago
1128 573 1201 653 illo,

99 680 176 720 cum
198 657 302 734 terris,
329 653 498 725 aediliciis,
519 655 697 730 accolabus,
724 650 900 732 mancipiis,
921 659 953 710 et
979 662 1202 736 caeteraquae

98 750 289 820 sequuntur,
313 757 437 808 aurum,
465 746 642 818 argentum,
671 737 868 798 vestimenta.
910 734 996 794 Haec
1017 735 1125 796 omnia
1147 760 1205 799 su-

99 823 209 906 perius
232 819 396 882 iamdicta
421 818 480 878 tibi
507 818 555 884 ill,
577 819 616 879 ad
636 818 740 880 ricem
763 837 896 899 sponsae
918 837 1007 876 meae
1032 818 1135 896 trado,
1157 819 1202 880 ita

102 914 139 964 ut
158 915 298 985 tempore
322 901 508 982 nuptiarum
533 901 567 961 in
591 901 653 960 iam
676 902 777 962 dictae
801 919 934 981 sponsae
955 919 1043 958 meae
1069 901 1205 964 veniant

99 994 305 1070 potestatem,
334 985 379 1042 ita
409 991 442 1043 ut
472 985 649 1044 secundum
677 984 769 1066 Legis
796 981 943 1042 ordinem
970 987 1076 1041 teneat
1106 993 1203 1067 atque

98 1070 266 1152 possideat.
308 1067 351 1128 Et
373 1066 399 1126 si
427 1075 538 1126 contra
562 1065 645 1124 hanc
669 1064 873 1126 traditionem
899 1061 1017 1143 aliquis
1041 1065 1203 1148 refragare

98 1153 249 1228 voluerit,
272 1149 414 1232 partibus
430 1149 529 1230 ipsius
547 1147 677 1230 puellae
695 1148 755 1216 sol,
774 1153 853 1206 tant.
873 1152 1053 1229 componat,
1075 1156 1109 1212 et
1123 1147 1204 1212 haec

96 1234 226 1312 traditio
249 1233 338 1292 firma
361 1239 556 1314 permaneat.

83 1383 87 1391 ’
117 1361 302 1447 Siquando
326 1363 481 1423 masculus
503 1347 672 1442 etsemina
699 1364 734 1421 in
754 1351 878 1446 raptum
905 1359 1131 1444 ionsenserint,
1154 1383 1186 1431 st

390 1445 477 1526 infra
497 1446 739 1525 quinquennium
760 1445 910 1522 litigetur.

179 1559 331 1626 LXXXI.
373 1559 493 1619 Notitia
523 1559 582 1620 sub
610 1581 749 1642 quorum
777 1561 960 1642 praesentia
994 1561 1039 1622 ibi
1069 1563 1205 1628 veniens

97 1646 157 1706 ille
181 1653 256 1704 ante
274 1643 369 1703 illum
390 1643 445 1703 vel
467 1643 596 1725 eosqui
621 1643 731 1703 subter
753 1650 908 1704 tenentur
926 1645 1051 1724 inserti,
1073 1667 1205 1707 accusa-

88 1727 156 1798 ‚bat
176 1727 320 1806 aliquem
341 1723 506 1786 hominem
530 1724 659 1787 nomine
680 1725 775 1786 illum
796 1747 835 1788 eo
857 1726 946 1806 quod
973 1735 1034 1788 etc.
1055 1741 1206 1812 utsupra

99 1830 174 1892 pag.
196 1809 267 1891 590.

125 1937 243 1999 Charta
263 1940 508 2023 compositionis,
529 1940 558 1998 si
580 1937 693 2018 aliquis
718 1937 855 2022 puellam
880 1940 1015 2000 inuitam
1036 1943 1186 2004 traxerit.

182 2052 353 2116 LXXXII.
409 2053 622 2116 Dulcissimae
663 2064 757 2137 atque
804 2053 1035 2116 amantissimae
1073 2055 1205 2140 coniugi

97 2157 188 2197 meae
215 2157 300 2201 nom.
330 2135 378 2196 ill.
410 2159 469 2218 ego
500 2136 548 2196 ill.
575 2135 707 2198 maritus
734 2145 816 2202 tuus.
858 2137 948 2198 Licet
976 2159 1051 2220 ergo
1077 2148 1114 2200 ut
1145 2160 1204 2222 ego

97 2220 332 2301 raptoscelere
358 2220 476 2301 absque
495 2219 662 2282 voluntate
683 2229 851 2302 parentum
871 2228 998 2280 tuorum
1019 2230 1050 2282 te
1072 2221 1150 2280 mihi
1170 2223 1205 2290 in

98 2300 288 2382 coniugium
308 2303 393 2362 visus
415 2323 485 2362 sum
508 2301 656 2378 sociasse,
679 2301 764 2362 unde
786 2303 868 2362 vitae
891 2302 1072 2384 periculum
1091 2304 1205 2365 incur-

96 2403 171 2442 rere
195 2385 298 2464 potui,
321 2385 383 2445 nisi
407 2384 654 2444 intervenissent
674 2385 861 2445 Sacerdotes
883 2386 934 2444 vel
958 2385 1102 2467 reliquae
1128 2385 1205 2467 plu·

96 2487 149 2525 res
175 2465 316 2526 illustres
340 2486 510 2547 personae,
533 2466 590 2546 qui
614 2488 670 2526 nos
695 2467 734 2527 ad
757 2469 842 2546 pacis
863 2465 1067 2526 concordiam
1089 2470 1141 2528 rel
1166 2489 1203 2527 u·

87 2547 318 2626 ,nanimitatem
340 2549 498 2609 visisunt
524 2569 699 2608 revocasse.
741 2549 812 2626 Qua
834 2549 872 2608 de
899 2570 933 2608 re
958 2549 1115 2610 convenit
1146 2569 1202 2610 no·

95 2630 146 2708 bis
169 2637 205 2688 ut
231 2631 402 2710 derebus
434 2628 632 2711 proprietatis
660 2642 748 2690 meae
780 2631 838 2691 tihi
869 2629 992 2712 aliquid
1020 2630 1203 2692 donationis

98 2734 190 2772 causa
212 2707 395 2772 condonare
419 2711 576 2786 deberem.
619 2713 715 2788 Quod
739 2713 834 2776 itaet
855 2714 928 2774 feci.
969 2713 1111 2794 ideoque
1143 2735 1203 2795 per

97 2793 182 2853 hanc
205 2794 371 2876 epistolam
396 2794 644 2874 compositionis,
667 2793 732 2855 sive
754 2817 813 2876 per
829 2797 984 2856 festucam
999 2805 1030 2855 et
1050 2796 1202 2855 andelan-

101 2897 187 2956 gum,
209 2877 293 2936 dono
317 2877 376 2936 tibi
406 2887 437 2938 et
460 2875 612 2936 donatum
632 2876 665 2934 in
688 2886 844 2958 perpetuo
876 2899 941 2937 esse
964 2877 1057 2953 volo,
1086 2877 1200 2953 idest,

101 2957 244 3037 aliquam
263 2958 497 3040 portiunculam
525 2980 626 3018 meam
647 2958 680 3016 in
702 2981 782 3040 pago
810 2959 886 3032 illo,
917 2959 951 3016 in
978 2958 1050 3016 loco
1073 2978 1202 3017 nuncu-

95 3047 176 3120 pato
198 3039 267 3115 illo,
289 3061 383 3120 super
401 3039 497 3101 fluvio
519 3041 588 3117 illo,
609 3040 670 3100 hoc
693 3049 751 3114 est,
774 3061 898 3118 mansos
919 3047 1024 3109 tantos
1049 3059 1123 3098 cum
1145 3038 1202 3097 ho·

99 3120 241 3180 minibus
264 3121 380 3182 ibidem
401 3123 674 3183 commanentibus
695 3121 748 3182 rel
764 3119 1011 3200 adspicientibus
1033 3120 1200 3199 utriusque

97 3223 204 3278 sexus,
220 3225 293 3264 cum
310 3205 401 3266 terris
422 3205 604 3279 arabilibus,
623 3202 721 3280 silvis,
739 3201 979 3284 campis,pratis,
996 3221 1068 3260 cum
1090 3201 1200 3277 inviis,

96 3285 227 3368 perviis,
242 3286 348 3344 omnia
363 3297 394 3347 et
404 3307 449 3354 ‚ex
465 3287 623 3362 omnibus,
640 3286 797 3365 quiequid
811 3287 844 3344 in
866 3283 934 3365 ipso
952 3283 1024 3342 loco
1038 3283 1199 3364 possidere

94 3367 258 3444 praesenti
280 3378 419 3450 tempore
443 3370 530 3430 visus
549 3390 629 3443 sum,
652 3377 752 3426 totum
771 3377 803 3428 et
824 3365 863 3426 ad
886 3366 1045 3446 integrum
1061 3361 1120 3425 tibi
1142 3385 1201 3447 per

95 3447 181 3508 hanc
204 3450 381 3510 chartulam
398 3450 635 3532 compositionis
657 3450 753 3526 dono,
772 3451 873 3526 trado,
893 3457 987 3529 atque
1008 3447 1200 3510 transfirmo.

95 3530 254 3592 Similiter
275 3533 360 3592 dono
382 3535 440 3594 tibi
467 3537 500 3592 in
525 3553 602 3592 auro
624 3532 677 3592 vel
696 3543 828 3613 argento
849 3531 968 3592 solidos
989 3531 1116 3591 francos
1132 3539 1200 3590 tan.-

94 3621 155 3673 tos.
198 3615 234 3672 ln
259 3615 315 3674 tali
338 3637 415 3676 vero
437 3626 549 3676 tenore
573 3620 608 3672 ut
632 3613 709 3674 baec
742 3615 848 3675 omnia
869 3614 1015 3696 superius
1036 3612 1198 3672 nominata

95 3697 114 3753 a
137 3694 189 3774 die
210 3704 377 3778 praesente
398 3698 525 3775 habeas,
547 3706 665 3772 tensae,
688 3705 783 3778 atque
805 3697 975 3780 possideas,
995 3697 1196 3778 posterisque

95 3783 212 3837 nostris
236 3779 274 3838 ad
295 3780 522 3859 possidendum
542 3778 724 3858 relinquas,
749 3780 800 3842 vel
814 3775 982 3860 ¹quicquid
1005 3778 1122 3839 exinde
1146 3781 1196 3837 fa-

94 3879 170 3919 cere
189 3861 340 3938 volueris,
364 3862 496 3921 liberam
516 3861 549 3920 in
572 3861 717 3921 omnibus
738 3862 854 3921 habeas
874 3868 1070 3942 potestatem.
1111 3859 1152 3918 Et
1170 3860 1196 3918 si

93 3939 211 4021 aliquis
238 3953 349 4003 contra
372 3943 456 4003 hanc
479 3943 639 4025 epistolam
661 3944 898 4022 compositionis
920 3939 1031 4002 venire
1055 3949 1109 4000 aut
1128 3959 1197 4001 eam

94 4024 216 4082 irritam
241 4027 347 4086 faeere
381 4025 554 4102 voluerit,¹
579 4026 696 4085 inferat
720 4024 779 4083 tibi
811 4031 993 4083 teutonici
1015 4021 1103 4080 aliud
1124 4029 1195 4081 tnn-

75 4114 162 4170 ¹tum
184 4117 338 4186 quantum
362 4130 399 4168 eo
422 4117 563 4188 tempore
581 4108 648 4188 ipsa
670 4105 873 4190 portiuncula
898 4103 1043 4167 valuerit.
1084 4103 1125 4162 Et
1150 4103 1197 4164 in-

93 4210 191 4269 super
211 4189 341 4269 publico
363 4189 438 4256 iisco
469 4191 538 4249 auri
563 4187 671 4250 uncias
696 4197 817 4262 tantas,
850 4183 973 4262 argenti
1004 4186 1098 4245 libras
1123 4195 1196 4246 tan-

93 4279 141 4340 tas
169 4281 295 4335 coactus
329 4274 494 4351 exsolvat,
525 4284 557 4333 et
584 4273 671 4358 quud
702 4271 818 4354 repetit
848 4251 1030 4334 nullatenus
1069 4267 1196 4338 evindis
