2676 4976
471 369 474 374 .
513 327 818 384 concoenantem
1162 311 1235 388 tas

115 581 122 594 ι
220 585 224 592 .
490 466 551 564 ¹T
545 499 664 566 reditio
692 498 842 570 iudicari.

84 635 89 642 ’
203 635 313 702 xvtl.
353 635 445 697 Petre
474 631 673 718 Presbyter,
702 631 794 696 trade
830 653 891 716 per
920 633 1006 696 hauc
1039 655 1233 718 pergamena

117 729 209 782 carta
228 715 438 784 ordinationis
455 715 496 778 de
518 735 583 788 una
602 717 687 799 petia
706 717 746 778 de
769 725 865 794 terra,
887 739 953 800 que
973 721 1069 780 modo
1089 720 1232 784 venitin

116 813 152 864 te
181 823 243 886 per
270 796 385 862 cartam
415 797 629 876 venditionis,
667 807 700 880 et
721 819 781 886 pro
805 811 937 884 accepto
967 802 1072 884 pretio
1108 803 1149 864 de
1172 823 1233 885 pe-

117 885 167 946 tia
189 885 255 958 aran¹
280 883 319 945 de
342 891 453 960 terra,
475 897 540 963 qne
559 881 630 942 init
648 878 727 945 iuris
749 881 899 962 loannis,
931 893 963 947 et
986 905 1052 946 eune
1079 884 1233 948 videntur

118 969 157 1029 in
180 969 259 1029 loco*
273 965 333 1028 tati
359 984 419 1043 per
445 961 626 1026 mensuram
652 974 684 1026 et
700 965 903 1028 coherentiaa
926 967 1102 1048 designata,
1125 989 1165 1030 eo
1187 977 1233 1029 te·

118 1071 221 1128 nore,
253 1058 290 1109 ut
315 1048 385 1131 ipse
411 1047 547 1110 loannes
569 1047 667 1108 faciat
695 1047 737 1110 dc
764 1049 875 1110 fractu
900 1047 1045 1112 eiusdem
1073 1051 1165 1132 pecie
1189 1049 1231 1113 de

119 1143 203 1194 terra
225 1129 469 1192 usufructuario
492 1129 622 1191 nomine
647 1129 761 1192 diebus
777 1128 844 1193 iite
863 1153 920 1194 sue
942 1133 1101 1218 quicquid
1119 1134 1232 1196 votue-

116 1216 162 1277 rit
177 1217 236 1297 per
257 1213 366 1274 anime
388 1233 446 1274 sue
463 1213 657 1279 mercedem.
698 1211 788 1276 Dicis
808 1213 872 1275 ita?
892 1215 947 1278 Sic
968 1217 1052 1283 dico,
1093 1215 1144 1276 lta
1164 1225 1232 1277 tra·

115 1298 183 1358 dite
203 1305 326 1358 cartam
345 1295 571 1373 ordinationis,
592 1303 626 1356 et
644 1295 872 1360 huicuotario
892 1299 933 1361 ad
952 1297 1177 1372 scribendum
1199 1307 1232 1362 at

111 1380 158 1442 ita
178 1379 279 1459 faciat
301 1377 492 1458 iudicatum,
514 1387 618 1440 otest
637 1388 742 1445 tenor.

389 1563 404 1576 ..
466 1481 636 1576 Traditio.
652 1507 872 1594 effeminem.

117 1640 122 1658 ·
196 1623 324 1689 XVIII.
366 1625 502 1687 Ioannes
530 1624 620 1687 trade
653 1645 714 1707 per
744 1625 829 1694 hanc
857 1643 1083 1710 pergamenam
1112 1635 1231 1690 curtam

115 1709 299 1786 offersionis
321 1708 361 1770 de
383 1727 448 1768 uua
469 1709 556 1792 petia
577 1707 617 1769 de
637 1715 743 1786 terra,
765 1727 829 1792 que
849 1718 904 1770 eet
917 1710 967 1770 tui
989 1709 1090 1788 iuria,
1117 1709 1151 1770 iu
1172 1711 1231 1772 tuli

115 1793 205 1870 loco,
225 1811 288 1873 que
310 1800 357 1852 est
377 1809 436 1874 pro
457 1805 609 1866 mensura
630 1800 765 1869 tantum,
787 1799 821 1852 et
839 1790 936 1854 hehet
956 1791 1160 1854 coherentiee
1181 1803 1231 1852 tu-

117 1877 180 1954 lcs,
202 1875 242 1936 ad
261 1874 437 1936 Ecclesiam
458 1873 491 1939 S.
511 1873 627 1952 Pauli,
659 1883 696 1934 ut
722 1895 740 1933 a
766 1875 912 1956 presenti
933 1875 986 1938 die
1016 1875 1231 1958 proprietario

118 1957 251 2020 nomine
272 1955 369 2034 faciat
387 1977 460 2038 pars
480 1955 549 2040 ipsu
567 1957 713 2020 Ecclesie
733 1956 884 2040 quicquit
903 1959 1055 2036 voluerit,
1076 1955 1117 2018 ud
1138 1979 1232 2021 nsum

117 2049 151 2106 et
172 2038 336 2102 servitium
352 2037 614 2120 presbiterorum,
637 2048 670 2100 et
690 2039 896 2119 clericorum,
924 2042 982 2124 qui
1007 2040 1052 2101 ibi
1072 2061 1132 2122 pro
1155 2049 1234 2102 tem·

139 2143 194 2184 ore
216 2121 353 2192 fuerint,
383 2120 547 2198 sinetua,
568 2121 777 2184 etheredum
810 2132 939 2186 tuorum
964 2121 1233 2186 contradictione.

112 2147 207 2270 incia
228 2204 301 2265 ita?
326 2202 404 2265 'dico
424 2204 496 2270 ita.¹
518 2204 624 2268 Trade
646 2214 764 2266 cartam
787 2205 966 2269 offersionis
986 2206 1026 2268 ad
1047 2205 1231 2268 Ecclesiam

115 2290 149 2351 S.
178 2287 275 2350 Pauli
308 2306 367 2366 pro
394 2286 500 2347 uuima
527 2295 582 2347 tua
611 2287 761 2350 mercede
783 2297 815 2350 et
844 2287 924 2351 huic
949 2290 991 2351 ad
1014 2287 1230 2352 scribendum.

112 2369 278 2435 Similiter
304 2369 339 2428 fit
360 2368 466 2447 etiam,
496 2378 531 2430 ut
556 2370 703 2433 venditio
719 2393 792 2432 cum
815 2371 1016 2449 defensione,
1037 2370 1140 2434 veluti
1161 2372 1232 2434 niue

112 2451 320 2528 defensioue,
343 2459 376 2512 et
396 2473 476 2513 cnm>
502 2451 567 2514 alio
580 2463 711 2533 tenore,
733 2462 831 2536 prout
851 2455 989 2518 offerent
1008 2457 1098 2532 vult,
1130 2454 1231 2517 etita

110 2534 348 2620 Longobardnu
369 2543 401 2597 et
420 2536 590 2597 Romanae.
620 2536 754 2598 sivero
776 2537 935 2618 Salichue,
957 2549 990 2602 et
1005 2535 1117 2616 ceteri,
1137 2537 1231 2600 mitte

110 2640 213 2700 supra
238 2625 358 2680 curtam
378 2615 470 2678 iiiam
491 2618 622 2696 omnia,
657 2637 722 2701 que
755 2619 824 2682 dixi
842 2641 948 2706 ,supra
976 2622 1011 2683 iu
1040 2620 1230 2685 venditione

111 2701 255 2766 Salicha.
295 2699 338 2760 Et
357 2699 440 2762 addc
461 2697 515 2763 hic
536 2700 638 2780 iilud,
667 2723 731 2784 quc
748 2702 823 2766 addi
852 2704 893 2767 de
915 2725 1025 2786 pena,
1054 2712 1087 2766 et
1114 2703 1154 2764 de
1170 2724 1231 2786 per

111 2784 276 2863 heredes,
297 2790 330 2844 et
354 2782 501 2868 rnarpite
522 2781 639 2846 inille
660 2785 868 2849 venditionis.
906 2790 1024 2852 Cetera
1042 2785 1135 2852 enim
1152 2794 1230 2850 sunt

113 2866 243 2930 similia.

369 3011 374 3021 “
437 2995 583 3062 Traditio
609 2997 710 3061 brevis
737 2995 913 3064 divisionis.
981 3003 983 3012 ’

198 3115 286 3177 xlx.
329 3111 439 3180 Trade
460 3135 521 3197 per
549 3114 633 3178 hauc
651 3133 878 3198 pergamenam
904 3113 1039 3177 brevem
1061 3114 1231 3184 divinioris

112 3200 280 3276 intervos
309 3197 348 3260 de
380 3218 445 3260 nna
471 3196 562 3280 petia·
585 3198 625 3260 de
654 3207 739 3259 terra
765 3216 829 3278 que
853 3208 901 3258 est
926 3197 1027 3260 uestri
1055 3198 1136 3260 iuris
1165 3219 1231 3282 que

109 3281 200 3343 iacet
221 3281 254 3340 in
277 3280 342 3344 tali
354 3280 439 3360 loco,
454 3289 486 3342 et
506 3290 544 3343 ut
563 3279 598 3340 in
617 3280 727 3362 primia
739 3281 833 3340 tollat
848 3281 964 3342 Petrus
985 3281 1018 3340 in
1034 3282 1229 3366 portionem,

113 3373 147 3424 et
169 3362 364 3426 divisionem
385 3383 425 3424 ex
447 3372 536 3444 purte
565 3361 742 3427 occidentis
765 3361 889 3424 tabulas
910 3362 969 3426 lv.
991 3385 1055 3444 que
1078 3387 1155 3448 pars
1170 3364 1231 3426 hu-

111 3447 169 3508 bet
191 3445 394 3508 coherentias
414 3447 506 3524 tales,
529 3454 561 3507 et
582 3454 655 3530 post
675 3447 766 3506 tollat
785 3444 1031 3508 Martinusitem
1052 3448 1086 3507 iu
1106 3448 1231 3530 portio-

113 3551 202 3606 nem,
232 3537 265 3589 et
285 3527 478 3590 divisionem
501 3528 578 3589 item
598 3527 720 3590 tabulae
740 3529 795 3592 lv.
817 3549 858 3590 ex
881 3539 970 3611 parte
986 3531 1144 3608 Orientis,
1165 3551 1230 3611 que

111 3633 188 3696 para
201 3611 296 3672 habet
308 3610 509 3674 coherentias
525 3610 618 3693 tales,
637 3611 679 3670 ita
692 3620 728 3670 ut
741 3607 837 3674 iaciat
849 3613 1073 3695 unusquisque
1089 3623 1232 3676 restrum

113 3717 172 3756 sua
186 3695 336 3777 portione
352 3715 369 3752 u
386 3694 528 3778 presenti
547 3693 599 3754 die
620 3694 833 3777 proprietario
854 3696 984 3758 nomine
1001 3719 1067 3774 vos,
1084 3708 1117 3759 et
1131 3695 1232 3761 vestri
1255 3751 1258 3758 .

112 3777 270 3854 heredes,
293 3785 325 3838 et
340 3777 393 3838 cui
419 3798 476 3838 vos
496 3775 649 3840 dederitis
671 3777 834 3858 quidquid
857 3779 1036 3857 volueritis,
1052 3780 1121 3842 siue
1139 3777 1229 3840 omui

114 3861 213 3920 nnius
242 3859 375 3921 alterius
404 3858 679 3931 contradictione,
711 3869 955 3942 vestrorumque
977 3861 1154 3938 heredum,
1185 3861 1230 3921 itu

114 3951 221 4002 tamen
245 3949 320 4022 „ut
352 3941 386 4002 in
411 3941 481 4024 ipsa
506 3941 592 4025 petia
621 3941 661 4003 de
684 3949 768 4003 terra
792 3963 920 4025 semper
950 3954 1051 4004 sortes
1071 3953 1175 4022 etant,
1196 3952 1230 4005 et

113 4025 244 4106 equatio
265 4031 442 4108 percurrat,
465 4031 499 4084 et
518 4023 651 4106 insuper
672 4024 846 4106 espondete
867 4046 925 4087 vos
945 4025 1172 4104 adinvicem,
1191 4035 1228 4087 ut

113 4107 140 4168 si
165 4129 232 4186 vos,
264 4117 320 4168 aut
338 4106 438 4170 rostri
460 4104 598 4168 heredes
627 4127 693 4168 non
727 4107 967 4189 compleaeritis
996 4108 1106 4168 omnia
1126 4109 1230 4189 quali·

113 4199 166 4252 ter
198 4211 295 4273 supra
324 4199 385 4255 etc.
413 4189 467 4250 rei
496 4188 524 4250 si
547 4188 587 4248 ab
610 4207 676 4249 uno
697 4188 821 4271 quisvis
841 4187 974 4252 homine
1000 4192 1228 4258 contradicen-

114 4282 147 4334 te
169 4295 239 4354 ros,
261 4282 293 4336 et
316 4271 416 4338 vestri
435 4269 572 4336 heredes
593 4292 659 4334 uon
688 4272 933 4362 defensaveritia
953 4273 996 4337 ud
1018 4273 1172 4356 invicem,
1196 4283 1229 4341 et
