2676 4976
174 296 248 374 560
627 308 822 366 sonuistis

174 453 319 520 mmdetn
339 448 574 513 redditionem·
595 447 891 524 mitescentem
916 468 980 532 pro
1007 454 1142 532 tempore
1165 452 1239 518 luent

174 538 368 612 melissum·
387 541 443 594 nul
465 531 607 596 vuluerit
635 531 694 592 sub
716 529 917 592 estimatione
944 532 980 592 in
1014 532 1160 596 consimili
1173 536 1240 606 loco.

173 621 219 684 m
238 618 266 682 ι’
287 637 355 678 non
376 615 561 697 apperuerit
584 614 690 676 ullum
715 615 835 690 datum,
860 621 917 674 snt
943 614 1071 691 fantum,
1097 610 1145 676 aut
1163 619 1241 700 scrip-

173 712 255 780 tum,
277 709 335 760 unt
357 697 467 780 aliqua
484 696 634 774 firmitas,
653 696 744 778 qnod
765 695 800 757 iu
823 694 887 758 ulis
907 703 997 780 parte
1020 697 1117 776 iactu,
1141 697 1242 780 ubertis,

173 805 241 846 nec
266 779 458 865 promittatis
487 779 537 840 illi
573 777 749 841 defendero
778 797 843 842 nec
872 787 1050 840 restaurare
1079 783 1242 863 anteposito,

174 867 260 930 siout
278 883 375 945 supra
396 860 544 922 diximus.
583 861 673 923 Dicis
688 859 758 922 itui
777 859 871 922 Dico.
897 860 950 922 Sic
969 861 1058 922 trade
1076 862 1134 924 sibi
1152 873 1244 926 carun

174 944 374 1011 venditionis
393 944 464 1006 sine
485 953 543 1006 tun
562 942 772 1020 defensione,
794 952 828 1006 st
846 942 967 1024 absque
985 952 1199 1008 restauratione
1215 947 1244 1006 ad

69 1043 73 1052 ’
174 1027 361 1116 proprium,
390 1035 423 1086 et
442 1024 521 1088 hnic
540 1025 672 1086 Notario
692 1025 733 1088 sd
753 1025 967 1090 scribendum.
1007 1024 1079 1100 Die,
1097 1025 1245 1109 babespre·

175 1113 262 1177 cium
282 1111 365 1170 iustu
385 1116 505 1172 curtam
524 1108 564 1169 ab
585 1110 643 1169 cci
684 1107 746 1169 Dio
765 1116 849 1170 totos
866 1129 923 1170 vos
937 1128 1027 1190 rogo.
1066 1110 1112 1170 De
1131 1111 1244 1170 Romana

175 1217 253 1256 vero
281 1190 430 1254 similiter
451 1190 543 1252 etde
566 1190 682 1252 ceteris
702 1187 860 1268 similiter,
883 1189 940 1251 sed
963 1212 1039 1251 cum
1061 1191 1189 1257 adituris.
1220 1192 1246 1253 si

174 1297 251 1339 vero
273 1281 349 1337 sunt
368 1281 517 1356 parentes
536 1279 610 1334 cute
631 1281 798 1356 parentet,
823 1272 879 1336 vel
901 1271 1081 1352 Comitem,
1107 1283 1246 1356 autequam

174 1360 295 1434 dicant,
311 1377 424 1420 ornnes
444 1377 500 1418 vos
519 1377 611 1438 rogo,
632 1357 851 1435 interrogetur
870 1354 1000 1433 mulier,
1022 1359 1069 1417 sle
1087 1357 1158 1417 facit
1173 1357 1245 1420 telle.

112 1529 117 1536 υ
173 1444 255 1506 Nem
274 1441 309 1502 iu
330 1435 381 1503 bis
402 1437 523 1504 dicitur
542 1438 642 1500 habes
661 1435 871 1500 launechildl
892 1437 966 1500 dato
987 1437 1177 1502 launcobild.

569 1565 619 1628 De
643 1565 884 1633 Donationibus.

173 1685 409 1838 wXfflc
426 1681 636 1750 donationum
650 1679 745 1744 curtis
763 1680 908 1744 omnium
922 1679 1072 1746 similitor
1081 1687 1179 1768 preter
1193 1701 1245 1768 pre

323 1961 326 1970 ,
436 1897 487 1960 De
508 1896 772 1986 promissionibus
794 1894 1029 1981 refutationem.

254 2016 326 2079 XII.
366 1990 473 2093 Petne,
494 2013 657 2097 promitte,
679 2012 777 2076 etsie
800 2023 832 2076 te
854 2013 1016 2096 esponde,
1039 2022 1071 2075 et
1089 2021 1156 2078 tuos
1177 2010 1247 2074 bere

174 2099 230 2164 des
252 2108 364 2162 contra
384 2099 538 2160 Ioannem
559 2106 592 2160 et
610 2117 685 2158 suos
704 2094 841 2158 heredes
866 2097 1065 2158 nominative
1086 2096 1123 2158 de
1143 2115 1248 2235 nospe-

173 2183 218 2244 tic
240 2184 280 2244 dc
301 2192 387 2242 terra
408 2185 472 2261 que
493 2187 540 2242 est
560 2179 609 2239 tui
629 2177 727 2255 iuris,
748 2199 811 2260 que
833 2187 879 2240 est
901 2179 1015 2240 intuli
1036 2180 1117 2256 loca,
1137 2199 1191 2260 que

172 2265 229 2328 bet
253 2263 454 2329 coherentias
476 2263 573 2339 tales,
595 2262 623 2322 si
645 2260 758 2322 smodo
781 2282 923 2342 unquam
943 2261 980 2322 iu
1001 2272 1139 2344 tempore
1157 2258 1247 2320 habeas

174 2365 282 2427 agere,
304 2355 337 2406 et
357 2365 486 2408 causare
501 2355 547 2419 tu,
569 2354 629 2405 sut
652 2343 699 2404 tui
719 2342 855 2405 heredes
877 2353 990 2406 contra
1011 2345 1119 2421 illum,
1147 2349 1193 2402 cut
1210 2339 1247 2401 sui

172 2428 320 2502 heredes,
341 2436 397 2488 aut
411 2426 464 2487 cui
482 2427 543 2506 ipsi
563 2426 724 2503 dederint,
744 2436 777 2486 et
789 2425 817 2486 si
836 2426 1023 2510 apparuerit
1040 2425 1141 2486 ullum
1154 2424 1247 2498 datum,

173 2511 387 2584 colliminio,
421 2509 510 2590 quod
541 2508 575 2567 in
603 2508 666 2568 alia
692 2515 782 2592 parte
809 2510 930 2569 factum
958 2509 1119 2586 habeatis,
1139 2517 1167 2569 et
1184 2507 1248 2566 clare

171 2593 294 2654 suctum
318 2589 430 2660 fuerit,
451 2599 484 2650 et
505 2589 591 2650 omni
613 2600 756 2671 tempore
777 2612 841 2652 non
858 2591 1097 2674 permanseritis
1120 2589 1206 2666 taciti,
1225 2593 1249 2646 et

173 2671 366 2755 contenpti,
388 2680 424 2731 ut
444 2671 639 2753 componatis
662 2673 792 2755 duplam
811 2673 1074 2757 querimoniam,
1096 2682 1127 2734 et
1146 2673 1248 2751 insuper

172 2775 290 2838 penum
309 2754 434 2836 urgenti
455 2753 609 2815 librarum
630 2754 695 2816 X..
719 2756 809 2818 Dicis
836 2756 899 2816 ita?
928 2757 1003 2818 dico
1034 2755 1115 2820 sicut
1139 2753 1173 2814 de
1191 2749 1248 2810 huie

173 2846 261 2901 cante
281 2836 500 2921 promissionis
520 2837 742 2914 refutationis,
764 2847 795 2898 et
816 2837 892 2899 huic
915 2839 1042 2900 notario
1070 2838 1111 2899 ad
1137 2835 1249 2900 scriben-

171 2920 262 2985 dum.
293 2918 620 2982 Hubsslauneohildl
641 2920 759 2980 Habeo.
788 2921 850 2982 Dic
866 2929 950 2983 totos
967 2941 1126 3003 vosrogo.
1163 2919 1247 2980 sirto-

172 3024 286 3066 msuus
310 3011 361 3066 est
377 3002 534 3068 similiter.
589 3002 623 3061 Si
644 3001 804 3064 Salichus·
823 3012 856 3063 et
876 3012 1001 3079 cetera,
1037 3012 1074 3063 ut
1093 3001 1166 3080 dixi,
1184 3015 1248 3084 pone

174 3084 450 3149 attramentarium
470 3105 567 3166 snper
587 3093 691 3162 carta,
714 3085 758 3145 its
778 3084 866 3145 levet
886 3085 926 3146 de
946 3095 1044 3163 terra,
1067 3094 1098 3146 et
1117 3083 1189 3146 adde
1206 3097 1249 3160 per

129 3245 132 3252 Ι
173 3168 322 3245 heredes,
337 3177 369 3228 et
384 3188 500 3250 penam
512 3166 738 3248 stipulationis,
753 3188 818 3249 qne
833 3177 881 3229 est
891 3168 992 3228 mults
1008 3168 1079 3228 nuri
1094 3163 1196 3228 obtimi
1206 3157 1249 3222 III.

174 3249 299 3332 argenti
325 3249 471 3332 pondera
497 3247 556 3317 VI.
585 3257 618 3310 et
638 3248 690 3310 dic
710 3248 887 3332 promittite
908 3248 1006 3311 etsie
1028 3250 1146 3332 obligas
1163 3256 1200 3308 te.

260 3380 406 3464 Traditio
429 3379 623 3442 venditionis
649 3379 821 3462 infantibus
840 3399 902 3463 pro
920 3379 1012 3463 fame
1028 3394 1061 3442 et
1079 3379 1187 3442 debito.

255 3495 347 3556 XIII.
388 3497 515 3556 Domne
537 3496 662 3573 Comes,
682 3493 745 3555 hoc
765 3493 845 3556 dicit
863 3495 980 3556 Petrus
1005 3494 1177 3556 infantulus
1194 3509 1249 3552 cunr

174 3580 301 3642 Donato
322 3599 381 3640 suo
402 3578 618 3659 tutoresquod
639 3577 759 3661 patitur
779 3577 1000 3638 necessitatem
1013 3579 1115 3655 famis,
1137 3584 1165 3638 st
1182 3569 1249 3656 quod

173 3669 266 3742 pater
283 3681 360 3723 suus
378 3659 482 3724 Aldus
502 3659 623 3721 dimIsit
650 3660 711 3720 sibi
733 3658 877 3720 debitum
900 3657 943 3725 X.
972 3660 1135 3738 librarum,
1154 3667 1184 3720 ct
1199 3673 1247 3714 non

173 3743 271 3807 hahet
291 3742 337 3802 ds·
351 3741 523 3804 mobilibus
543 3741 659 3819 rebus,
681 3741 769 3802 unde
790 3741 876 3804 istud
900 3751 1026 3826 tempus
1059 3741 1248 3806 necessitatem

172 3827 267 3888 famis
295 3825 431 3888 evadere
459 3823 574 3904 possit,
608 3833 641 3886 et
666 3824 808 3887 debitum
842 3845 953 3886 sanare
981 3825 1095 3909 possit,
1125 3845 1177 3907 pro
1201 3837 1248 3899 qut

175 3931 269 3972 eausa
290 3907 399 3988 querit
419 3907 531 3984 vobis,
559 3917 595 3968 ut
614 3927 672 3988 pro
692 3909 786 3982 Deo,
815 3916 850 3968 et
869 3907 974 3968 anime
994 3909 1112 3969 Domni
1131 3910 1248 3988 Impera·

89 4031 91 4035 ν
173 3993 264 4064 toris,
286 4012 324 4054 eo
346 3999 450 4052 vestre
472 3989 649 4066 mercedis,
677 3998 714 4049 ut
734 3989 879 4050 tribuatis
900 3990 931 4050 ei
953 3990 1128 4068 licentiam,
1148 3996 1176 4050 et
1192 4003 1248 4044 auc·

173 4074 334 4137 toritatem
354 4073 516 4155 publicam
537 4074 577 4134 ad
596 4072 850 4134 venundandum
871 4093 968 4132 unam
987 4075 1110 4156 peciam
1128 4072 1248 4133 deterri

174 4156 253 4217 iuris
275 4157 325 4218 sui
337 4201 346 4232 ,
368 4177 432 4238 quc
454 4164 502 4218 est
524 4156 558 4215 in
582 4154 636 4214 tali
658 4156 742 4218 loco.
790 4157 926 4216 Etcum
948 4156 1015 4238 ipse
1036 4157 1111 4216 lolia
1130 4151 1246 4220 dixisset,

173 4247 252 4300 tunc
280 4240 393 4304 Comes
427 4259 467 4300 ex
498 4238 703 4320 subgestione
725 4237 830 4321 ,legali
865 4236 981 4301 iuditio
1012 4237 1114 4300 mittat
1142 4234 1246 4298 missum
