2676 4976
471 395 933 462 PutttAOtttrtO.

233 513 413 592 Auxiliare,
434 513 591 590 Domine,
625 513 855 596 quaerentibus
875 510 1206 598 misericordiamtnan,

154 607 187 663 el
205 597 245 661 ds
265 595 392 658 reniam
414 595 652 658 confitentibus.
694 597 794 658 Parce
816 597 1024 688 supplicibus
1050 607 1082 660 ut
1136 601 1207 664 inos-

151 681 210 744 tris
229 677 349 741 meritis
370 675 582 763 flagellamur,
604 687 661 741 tua
680 668 885 766 miseratione
906 679 1072 744 sal'remnr.
1130 703 1164 746 cr.

427 793 693 858 Securus
734 790 975 863 0²asrto.

229 905 443 990 Quaesumus,
465 908 669 992 omnipotens
694 909 801 990 Deus,
813 885 817 897 ¹
830 907 943 972 afflicti
970 888 1080 998 pdpuii
1097 911 1220 998 iacrymas

147 990 282 1076 respice,
305 991 442 1054 stiram
462 1001 536 1055 tuae
565 991 797 1074 indignationis
825 1001 957 1079 eventu
988 995 1098 1080 utqui
1127 1005 1221 1060 reatum

147 1082 276 1138 nostras
296 1073 493 1140 infirmitatis
514 1076 725 1162 agnoscimus,
746 1083 802 1137 tua
823 1077 1043 1176 consolatione
1072 1075 1225 1142 literana.

146 1157 220 1225 Por.

452 1239 956 1306 TerrisOasrro.

227 1358 318 1422 Deus
338 1357 398 1442 qui
418 1357 578 1440 conspicis
598 1356 686 1418 omni
708 1377 766 1420 nos
788 1357 907 1422 virtute
936 1358 1092 1440 destitui,
1121 1360 1233 1424 interius

148 1441 356 1524 exteriusque
379 1441 528 1513 custodis
557 1449 596 1502 ut
623 1450 657 1502 et
675 1441 715 1502 ab
744 1441 893 1504 omnibus
912 1442 1155 1508 adversitatibus
1178 1465 1235 1502 mu·

146 1524 275 1588 nismur
297 1525 332 1586 in
354 1545 490 1609 corpore
512 1531 545 1588 et
565 1544 585 1584 a
610 1523 717 1608 parvis
736 1523 987 1607 cogitationibus
1008 1529 1197 1590 mundemur
1213 1525 1239 1584 iu

145 1615 266 1670 mente.
305 1610 378 1676 Per.

229 1689 295 1752 His
315 1691 514 1754 orationibus
542 1689 707 1773 completis
717 1735 730 1764 ,
753 1704 860 1770 surgat
877 1694 1011 1776 pariter,
1033 1705 1070 1756 et
1088 1690 1246 1754 ccramho·

146 1774 283 1838 minibus
303 1775 368 1834 illis
390 1787 493 1835 cantet
513 1773 683 1848 Presbyter
703 1774 857 1847 Missam,
886 1786 918 1836 et
940 1775 1047 1856 saciat
1068 1797 1123 1836 eos
1144 1771 1187 1833 ad
1206 1775 1245 1855 ip·

145 1878 216 1918 sam
234 1857 367 1918 Missam
395 1847 526 1938 offerre.
580 1855 659 1916 Cum
692 1870 795 1918 mitem
817 1855 863 1916 sd
888 1860 1142 1920 communionem
1172 1875 1249 1914 cenc-

147 1940 233 2017 m'nt,
261 1953 427 2022 amquam
447 1939 692 2018 communicent,
720 1941 893 2019 interroget
924 1961 979 2002 cos
1008 1937 1175 2002 Sacerdos
1196 1957 1252 1997 cam

146 2021 350 2086 umbratione
372 2035 403 2083 et
432 2021 529 2084 dicat.
902 2061 904 2068 ·

162 2140 165 2151 =
227 2104 451 2183 adimaros,
480 2103 647 2183 homiues,
677 2126 737 2188 per
755 2107 883 2166 Patrem
902 2115 936 2166 et
955 2104 1081 2166 Filium
1108 2111 1145 2164 et
1165 2100 1258 2184 Spiri-

144 2195 400 2266 tumsaacsnm,
432 2197 465 2249 ct
486 2210 545 2271 per
573 2197 709 2249 vestram
730 2186 1002 2250 Christianitatem
1031 2208 1138 2268 quam
1160 2205 1258 2245 susce·

146 2269 259 2353 pistis,
279 2280 314 2332 et
334 2288 394 2352 per
414 2271 703 2353 unigenitnvaei
730 2269 850 2348 filium,
882 2291 983 2352 quem
1011 2271 1264 2351 Redemptorem
1333 2341 1334 2354 χ

144 2351 289 2430 credilis,
312 2363 344 2414 et
364 2374 423 2438 per
443 2363 583 2415 sanctam
604 2353 814 2429 Trinitatem,
837 2361 871 2414 et
894 2375 953 2434 per
973 2362 1129 2414 sanctum
1158 2351 1264 2414 Esan-
1334 2357 1337 2425 l

146 2432 286 2516 galium,
317 2445 350 2496 et
372 2453 430 2518 per
457 2434 624 2518 Reliquias
644 2456 728 2518 quae
750 2435 784 2494 in
806 2435 866 2500 ista
888 2447 996 2498 sancta
1015 2433 1180 2496 Ecclesia
1198 2436 1269 2494 suut

144 2514 342 2595 reconditae,
365 2527 400 2578 ut
422 2538 490 2578 nou
510 2518 718 2598 praesumatis
738 2518 809 2579 nilo
828 2517 924 2578 modo
944 2518 985 2580 ad
1002 2518 1104 2580 istam
1128 2523 1269 2579 sanctam

143 2599 409 2660 communionem
430 2600 584 2662 accedere
606 2620 667 2663 nec
698 2599 854 2664 sumendo
876 2601 1125 2662 communicare
1155 2597 1185 2660 si
1212 2595 1271 2656 hoc

145 2681 201 2742 sel
224 2679 309 2742 illud
328 2682 466 2759 fecistis,
501 2692 559 2742 aut
581 2683 808 2761 consensistis,
837 2691 893 2744 ant
925 2684 1069 2768 aliquam
1101 2681 1274 2747 veritatem

145 2762 226 2828 inde
245 2763 344 2843 scitis,
365 2785 424 2828 seu
445 2764 503 2847 qui
523 2764 587 2827 hoc
607 2766 674 2850 egit
693 2767 803 2828 nostis.

158 2867 163 2881 ⁴
201 2881 270 2942 “st
291 2877 393 2940 autem
416 2881 589 2957 tacuerint,
609 2891 640 2942 et
661 2879 779 2941 nullam
801 2878 878 2940 inde
903 2876 1152 2964 professionem
1187 2875 1279 2937 dlac-

145 2965 229 3042 rint,
251 2962 381 3024 accedat
405 2961 562 3024 Sacerdos
591 2961 637 3023 ad
662 2961 783 3038 altare,
808 2974 839 3022 et
861 2965 1071 3028 communicet
1099 2979 1201 3022 more
1226 2979 1278 3018 so-

144 3047 224 3125 tin,
245 3057 358 3131 postea
383 3064 460 3107 cero
485 3041 691 3108 communicet
716 3042 799 3112 illos.
852 3043 929 3104 Cam
951 3056 1055 3103 autem
1086 3041 1283 3106 communi-

104 3199 109 3210 ·
144 3142 217 3190 cant
243 3142 314 3188 ante
345 3129 470 3207 altare,
501 3127 588 3187 dicat
612 3123 796 3188 Sacerdos.-
832 3125 955 3208 Corpus
977 3125 1041 3187 hoc
1067 3136 1106 3188 et
1134 3123 1282 3206 'sangnis

143 3211 278 3272 Domini
294 3211 397 3273 nostri
417 3213 492 3270 Iesu
513 3208 634 3270 Christi
653 3208 695 3269 sit
709 3210 801 3270 robis
820 3209 863 3268 ad
884 3208 1208 3288 comprobationem
1226 3205 1288 3268 ho-

144 3295 210 3361 die.
252 3293 394 3376 Expleta
415 3294 529 3370 Missa,
554 3290 731 3352 descendat-
746 3288 903 3352 Sacerdos
927 3292 972 3350 ad
990 3290 1100 3351 locum
1126 3291 1288 3350 destina-

145 3388 229 3452 tam,
258 3376 313 3436 nbi
341 3379 443 3458 ipsam
468 3393 603 3434 examen
623 3388 804 3458 peragatur.
855 3370 990 3453 Deferat
1016 3389 1132 3434 secum
1159 3371 1291 3434 librum

144 3458 396 3536 Evangelierum
429 3469 470 3517 et·
488 3457 635 3527 Crucem,
663 3468 695 3514 et
722 3468 814 3517 canat
845 3454 1002 3516 modicam
1030 3456 1207 3516 letaniam
1214 3481 1230 3524 ;
1260 3465 1293 3512 et

145 3559 216 3601 carm
232 3540 437 3622 compleverit
451 3541 551 3620 ipsam
566 3538 725 3617 letaniam,
743 3539 905 3600 exorcizet
917 3549 950 3599 et
967 3537 1149 3599 benedicat
1162 3555 1293 3620 aquam

145 3623 247 3706 ipsam
269 3633 434 3702 antequam
449 3620 621 3702 fervescat,
644 3621 690 3680 ita
714 3619 862 3681 dicendo.

228 3702 388 3764 Exorcizo
409 3713 442 3765 te
469 3713 616 3764 creatura
639 3723 740 3784 aquae
762 3703 797 3762 in
826 3702 957 3764 nomine
977 3700 1039 3763 Dei
1060 3701 1188 3763 Patris
1215 3719 1296 3762 om-

145 3786 333 3870 nipotentis,
354 3786 442 3862 etin
465 3781 596 3846 nomine
618 3783 694 3846 lesu
716 3784 836 3848 Christi
857 3785 917 3847 filii
939 3784 1010 3849 eins
1028 3783 1189 3844 Domini
1213 3803 1300 3844 nos-

145 3871 200 3948 tri,
223 3879 259 3943 ut
280 3871 335 3930 fias
357 3891 440 3953 aqua
460 3867 641 3930 exorcizata
662 3867 702 3928 ad
731 3868 932 3950 effugandam
963 3864 1091 3928 omnem
1123 3875 1299 3949 potesta-

145 3966 212 4016 tem
233 3952 358 4017 inimici
386 3961 418 4013 et
439 3968 534 4013 omns
562 3949 749 4032 phantasma
774 3951 903 4012 Diaboli
913 3975 921 4021 ς
952 3960 989 4010 ut
1016 3950 1044 4010 si
1074 3948 1142 4009 bic
1178 3949 1302 4010 homo

145 4038 204 4117 qui
224 4057 356 4096 manum
376 4033 527 4098 suanam
556 4042 589 4093 te
618 4031 772 4096 missurus
800 4042 847 4093 est
868 4032 1024 4094 innocens
1052 4031 1232 4093 extiterit
1256 4032 1304 4092 de

145 4119 207 4180 hac
226 4120 327 4201 culpa'
345 4118 434 4180 unde
454 4123 638 4200 reputatur,
669 4114 771 4198 pietas
797 4113 859 4176 Dei
880 4112 1112 4197 omnipotentis
1152 4113 1304 4175 liberet

147 4221 240 4275 cums
269 4202 360 4282 etsi,
382 4199 472 4286 qnod
492 4199 584 4277 absit,
600 4195 776 4283 culpabilis
797 4205 861 4276 est,
884 4204 917 4260 et
935 4203 1238 4282 praesumptuose
1263 4196 1305 4258 in
