2676 4976
199 323 275 399 5³4
651 339 839 394 ronuusas

199 484 399 548 uoluntatem
419 477 573 540 divinitus
598 477 782 540 existimaus
803 477 851 538 ins
875 479 1007 560 iratam,
1025 479 1062 541 tt.
1082 501 1136 542 uec
1155 467 1254 547 non'si·
1315 539 1316 550 ἶ

199 567 265 628 niul
281 571 313 625 et
334 564 402 624 eins
420 561 621 642 perpendens
638 559 817 620 indolitiam
833 501 873 624 tl
891 570 923 622 et
937 571 1058 622 tantum
1072 562 1103 621 in
1119 563 1169 623 tali
1179 576 1253 628 aetate
1315 569 1316 626 ]

200 645 367 728 ingenium
389 645 520 723 iusuper
538 650 570 703 et
589 642 756 702 infantiam
775 643 807 700 iu
824 641 951 724 optimis
965 644 1075 705 studiis
1091 646 1254 723 tritam,·ne·

196 731 243 789 las
273 727 381 810 putavi
405 725 473 788 eius
494 727 580 784 bono
600 723 760 786 desiderio
784 725 943 802 abnuere,
964 735 996 787 et
1015 747 1077 785 uon
1098 728 1135 787 ad
1151 739 1254 789 vesum
1312 765 1313 788 r

197 810 402 874 clementiam
419 807 540 887 aliquid
553 827 611 887 pro
630 807 700 868 eins
719 807 994 870 commendatione
1011 808 1150 873 scribere.
1186 813 1254 888 Quod
1311 836 1312 844 ¹

199 889 295 956 etiam
316 913 366 952 me
384 911 447 950 non
459 898 603 971 rogatum
621 889 811 970 oportuisset
826 889 943 966 facere,
955 891 1132 972 praesertim
1144 913 1202 950 cnm
1212 894 1255 952 llo

197 973 406 1034 minationem
420 979 556 1034 vestram
566 979 660 1032 meet
677 992 785 1034 omnes
799 972 838 1036 ad
858 993 907 1032 me
919 971 1110 1052 pertinentes
1125 972 1256 1054 indulgeu-

197 1057 261 1118 tius
290 1077 415 1138 semper
440 1052 587 1116 habuisse
619 1052 794 1114 certissimo
829 1053 1050 1134 experimento
1083 1053 1255 1136 probaverim.

195 1138 290 1198 Nunc
314 1159 390 1220 ergo
411 1138 552 1199 Puerum
578 1136 688 1213 istum,
710 1135 832 1198 viscera
854 1157 943 1214 mea,
966 1135 1068 1194 lilium
1086 1135 1255 1197 consobrinae

195 1239 301 1296 meae,
327 1221 427 1282 solam
450 1227 482 1280 et
504 1217 672 1278 maximam
693 1238 800 1278 curam
825 1239 927 1278 meam
947 1217 1151 1295 commendo,
1169 1219 1255 1298 quibus
1310 1217 1312 1274 ἶ

195 1299 271 1364 estis
288 1299 465 1383 plenissimi
487 1299 664 1362 visceribus
685 1297 921 1360 misericordiae
940 1310 1084 1376 vestrae,
1104 1308 1138 1359 ut
1154 1309 1256 1362 vestran
1311 1319 1312 1322 ’

193 1384 292 1447 vitam
305 1391 337 1444 et
350 1405 404 1444 ros
464 1382 533 1448 'mis
550 1381 686 1443 miretur
704 1379 743 1440 ab
759 1381 869 1458 annis,
890 1377 1162 1443 mansuetudinem
1174 1382 1255 1462 vigore
1311 1394 1312 1398 ’

194 1465 392 1539 decoratam,
414 1404 590 1526 tlsilbtrinam
614 1463 763 1546 operibus
784 1465 1058 1542 commendatam,
1080 1464 1255 1524 austeritatem

194 1546 368 1610 dulcedine
395 1555 619 1630 temperatam,
653 1545 902 1606 taciturnitatem
934 1547 1131 1623 modestam,
1155 1545 1256 1606 locutio·

195 1649 268 1698 uem
287 1628 401 1693 utilem
421 1628 691 1704 etnecessariam,
710 1628 812 1689 victus
832 1637 864 1688 et
878 1630 980 1688 somni
1003 1629 1196 1712 parcitatem,
1212 1648 1256 1686 ne·

194 1710 395 1770 diocritatem
417 1710 573 1787 restitus,
595 1709 788 1771 ieiuniorum
816 1719 849 1771 et
875 1711 1056 1772 orationum
1077 1732 1133 1794 per
1159 1711 1213 1772 dies
1235 1717 1257 1770 et
1315 1731 1316 1792 j

196 1803 307 1854 noctes
323 1792 524 1868 instantiam,
546 1792 749 1874 largitionem
767 1793 1037 1876 elemosynarum,
1060 1794 1256 1876 susceptionem
1315 1803 1316 1821 ¹

190 1872 370 1956 hospitum,
392 1875 532 1935 solamen
551 1873 747 1956 lugentium,
768 1875 944 1956 peregrinis
959 1886 991 1936 et
1005 1874 1128 1956 egenis,
1149 1885 1177 1935 et
1189 1894 1257 1956 egen·
1315 1934 1316 1940 χ

191 1958 277 2018 tibus
295 1957 460 2038 plebibus,
481 1966 513 2018 et
533 1956 646 2030 Clero,
677 1955 842 2016 lllonacbis
864 1966 897 2017 et
919 1957 1113 2038 virginibus,
1133 1956 1219 2016 viduis
1235 1961 1257 2014 et
1315 1981 1316 1988 ¹

126 2033 129 2040 ’
192 2037 360 2121 orphanis,
383 2039 559 2102 Comitibus
583 2047 616 2098 et
638 2037 796 2117 Regibus,
817 2037 918 2098 servis
941 2050 973 2099 et
992 2037 1120 2113 liberis,
1147 2035 1258 2117 coniugi·
1315 2036 1316 2068 l

190 2120 250 2180 bus
275 2121 585 2196 etcontiueutibus,
612 2118 824 2179 mediocribus
852 2130 883 2180 et
909 2121 1076 2198 maximis,
1105 2118 1215 2181 Iudaeis
1237 2124 1259 2177 et
1315 2145 1316 2148 ¹

191 2203 393 2280 Gentilibus,
424 2225 605 2264 rosunum
628 2201 734 2262 omnia
760 2200 919 2282 perdiscat
943 2202 1102 2264 ellectum.
1142 2198 1258 2280 Quodsi
1315 2225 1316 2231 ¹

190 2284 324 2364 aliquod
344 2285 428 2365 apud
447 2307 521 2362 ros,
543 2285 597 2344 ubi
621 2304 729 2344 omnes
749 2282 941 2365 proliciunt,
964 2285 1130 2346 doctrinae
1151 2303 1258 2344 morum·

189 2387 253 2444 que
269 2368 430 2446 profectus
450 2368 520 2427 Deo
536 2366 690 2447 largiente
705 2365 843 2447 ceperit,
866 2367 1046 2428 debitorem
1061 2367 1211 2428 Christum
1222 2383 1259 2422 ro-

188 2447 237 2508 bis
254 2448 297 2525 de,
313 2469 351 2510 eo
368 2447 490 2524 facitis,
513 2448 568 2528 qui
590 2469 662 2508 enm
679 2447 774 2508 talem
791 2447 1027 2528 educaveritis,
1050 2458 1087 2509 ut
1105 2471 1165 2509 nou
1182 2446 1260 2508 solun
1315 2471 1316 2476 ¹

189 2529 270 2601 sibi,
292 2529 398 2590 sedet
421 2529 491 2589 aliis
516 2530 616 2612 possit
635 2528 780 2589 utilitatis
803 2529 882 2590 lieri.
923 2531 1070 2591 Priorem
1093 2541 1191 2592 antem
1211 2527 1260 2587 eius

188 2611 416 2672 vitamvestrae
433 2611 607 2692 sapientiae
624 2612 824 2691 absquesuco
839 2611 1043 2674 manifestare
1065 2633 1210 2674 curamus.
1241 2607 1260 2665 l

187 2702 314 2752 sanctae
331 2693 562 2754 recordationis
582 2693 750 2753 Avunculo
768 2715 842 2754 meo
858 2695 888 2755 S.
904 2694 1070 2776 Episcopo.
1086 2698 1221 2758 detonsus
1236 2690 1260 2751 iu
1313 2711 1314 2742 l

187 2773 372 2834 Clericum:
393 2797 468 2836 mox
489 2775 574 2856 apud
596 2775 823 2836 lllonasterinm
843 2777 951 2836 Sancti
974 2779 1063 2839 Galli
1087 2778 1203 2839 cuidam
1218 2771 1261 2834 lle·
1313 2788 1314 2796 ¹

187 2855 408 2937 ligiosissimo,
442 2857 594 2938 omnique
621 2857 730 2938 vigore
757 2863 790 2916 et
818 2857 974 2918 industria
1005 2860 1186 2942 plenissimo
1211 2855 1268 2934 viro⁸

188 2941 428 3002 commendatus
450 2941 508 3000 sub
531 2937 703 3000 arctissima
726 2938 896 3022 disciplina
921 2951 953 3001 et
979 2944 1143 3020 custodia,
1164 2941 1261 3001 littera·

185 3042 257 3088 rum
286 3021 398 3084 studiis
425 3020 762 3100 monasterialibusque
791 3021 940 3085 insistens
961 3023 1167 3100 rudimentis,
1190 3020 1263 3083 vitam

71 3129 75 3137 ¹
184 3125 294 3180 suam,
317 3112 352 3162 ut
371 3103 485 3180 credo,
507 3125 618 3185 spero,
648 3111 681 3163 et
700 3103 843 3181 conlido,
866 3103 992 3165 adiutus
1015 3107 1117 3187 gratia
1137 3103 1193 3166 Dei
1209 3103 1263 3163 bat·

184 3195 276 3250 tenus
292 3187 428 3248 servarit
445 3186 596 3247 illaesam.
637 3181 730 3246 quta
745 3184 828 3246 illud
848 3185 1073 3266 sapientissimi
1094 3182 1262 3256 Salomonis,

184 3267 312 3329 futurae
334 3267 422 3336 illius
447 3269 516 3332 riae
538 3266 662 3348 ignari,
684 3267 939 3328 commendamus
959 3289 1033 3329 eum
1055 3273 1129 3331 Deo
1143 3278 1173 3330 et
1187 3264 1263 3329 verbo

185 3348 306 3430 gratiae
326 3350 414 3428 eius,
437 3350 493 3432 qui
514 3359 627 3430 potens
648 3359 694 3410 est
711 3349 877 3410 aedificare
896 3350 1007 3428 illum,
1032 3363 1066 3412 et
1088 3353 1161 3413 dare
1178 3349 1264 3408 haere·

187 3430 319 3512 ditatam
337 3430 369 3490 in
389 3431 711 3507 sanctificationibus,
733 3441 767 3491 nt
792 3433 851 3494 sub
874 3442 980 3493 vestra
1001 3435 1165 3500 custodela
1178 3447 1263 3493 semen

185 3514 359 3576 Doctrinae
380 3514 499 3574 Christi
525 3513 557 3572 in
580 3535 618 3578 eo
635 3516 812 3591 sordescat,
834 3523 1005 3596 autequam
1027 3515 1177 3580 iuimicus
1196 3513 1221 3574 ci
1234 3508 1265 3568 zl-

187 3595 278 3660 annia
301 3595 573 3678 superinspergat,
603 3597 689 3677 qnod
715 3595 802 3655 heul·
830 3595 912 3678 prob
941 3595 1050 3657 dolor!
1080 3595 1216 3680 qnotidie
1240 3591 1265 3650 lt

187 3675 275 3742 omrai
290 3677 363 3740 loeo
379 3677 609 3740 dormientibus
631 3677 777 3761 agricolis
793 3699 885 3760 agere
900 3678 1039 3760 persistit
1051 3679 1194 3741 infestus.
1216 3677 1266 3736 Vos

186 3768 293 3819 aretem
312 3759 352 3824 ad
369 3760 544 3820 custodiam
566 3761 668 3842 gregis
689 3761 755 3835 sui,
779 3762 818 3819 ad
839 3761 1073 3823 correctionem
1096 3763 1189 3823 totius
1208 3760 1266 3819 Ger·

186 3839 332 3918 maniae,
353 3841 393 3902 ad
412 3842 663 3903 consolationem
683 3842 785 3902 omnis
802 3841 983 3920 Ecclesiae,
1006 3843 1150 3926 vigiliis,
1172 3840 1268 3903 oratio-¹

187 3923 303 4000 uibus,
327 3923 479 4005 omnique
500 3923 667 4006 diligentia
688 3924 903 4000 insistentem,
932 3925 1047 3986 Sancta
1070 3925 1206 3986 Trinitas
1224 3919 1267 3981 diu

188 4027 395 4082 conservare,
418 4015 450 4066 et
470 4007 509 4066 ad
530 4016 717 4088 perpetuam
737 4006 1027 4068 remunerationem
1043 4009 1215 4090 perducere
1234 4000 1268 4062 di·

190 4095 316 4179 guetur.
333 4089 368 4153 L.
388 4085 459 4154 XL.
476 4089 565 4152 Vlll.
585 4093 618 4153 L.
635 4089 756 4168 Scripta
777 4097 824 4148 est
840 4087 982 4164 Epistola
1000 4087 1080 4160 haec
1093 4109 1177 4160 anno
1193 4104 1267 4178 prae·

187 4169 290 4249 gelati,
313 4169 490 4242 indictione
510 4171 582 4244 xtt,
598 4173 639 4237 tt.
662 4171 780 4239 CCCC.
794 4169 916 4248 LXlV,
