2694 4988
448 297 451 309 ·
491 277 648 335 orvovrs
686 282 722 331 u.
1093 260 1168 334 609

87 430 107 478 st
119 419 287 486 benedciuur,
306 428 336 474 ct
352 435 398 490 per
414 417 549 474 libellum.
590 419 680 474 vadat
698 418 865 486 consignare.
905 417 984 472 Petro
1002 425 1030 473 te
1054 414 1177 502 appellet

85 493 207 555 Martinus,
227 489 305 562 quod
327 492 382 560 ipse
402 490 447 542 vel
465 491 540 541 filius
559 507 622 543 suus
641 492 747 556 agendo
766 506 887 542 caussam
906 490 964 542 eius
980 492 1022 542 sui
1050 492 1110 552 filis,
1130 491 1180 549 vei,

85 562 358 631 suaennorissq‘srod
380 560 439 629 ipsa
462 577 512 611 sue
530 577 598 612 uxor
624 559 678 614 fuit
704 560 849 623 investite,
876 561 921 614 vel
939 559 1014 610 filius
1035 577 1099 614 suus
1123 559 1178 615 luit

85 632 208 694 investitus
227 632 263 684 ad
277 631 408 702 proprium
427 630 463 682 de
483 630 559 700 petia
578 648 633 682 una
660 631 694 682 de
716 639 802 692 terra,
822 646 893 699 quse
917 639 959 680 est
981 629 1009 680 iu
1027 630 1076 681 tali
1102 631 1179 691 locor

86 709 110 754 et
125 710 151 754 tu
167 702 236 754 malo
251 701 346 757 ,orans
364 717 425 752 eum
444 700 611 764 dimersisti,
632 701 677 752 vel
699 709 834 754 uxortua
860 700 905 752 vel
930 699 1003 751 filius
1024 707 1103 762 tuus,
1129 700 1178 760 vel

87 789 163 825 servus
179 780 249 824 tuus.
284 769 317 824 Et
340 779 423 832 terra,
452 788 536 839 quam
558 778 598 822 tu,
616 769 694 830 dicis,
719 788 780 822 mea
805 769 912 839 propria
938 778 993 832 est,
1018 770 1064 822 vel
1085 770 1180 825 uxone

84 858 160 906 mese,
178 844 221 894 vel
238 839 284 892 filii
300 840 360 892 mei.
397 839 432 892 Et
451 857 501 906 ego
518 850 546 892 te
570 840 643 891 malo
669 840 764 893 ordine
788 857 844 892 non
868 840 1015 901 disvestivi,
1033 840 1078 894 vel
1105 857 1180 894 vxor

85 913 205 976 neerei
224 909 292 962 lilius
308 927 403 972 meus,
432 909 477 962 'vel
495 927 585 962 servus
602 926 685 962 meus.
721 912 799 962 Petne
819 920 848 964 te
876 911 999 978 appellat
1022 909 1178 972 Martinus.-

86 980 215 1051 qnndipse
231 979 281 1031 suit
296 977 442 1032 investitus
466 980 501 1032 sd
527 980 665 1050 proprium
690 980 724 1032 de
744 997 799 1034 uus
825 981 899 1049 petia
923 979 959 1032 de
985 987 1075 1042 terre,
1100 997 1179 1050 queo

84 1051 148 1104 iacet
165 1051 190 1102 in
211 1050 257 1100 tali
275 1049 349 1114 loco,
380 1059 408 1102 et
426 1055 456 1101 tu
478 1051 551 1103 malo
574 1049 671 1102 ordine
694 1067 755 1102 enm
782 1047 939 1103 disvestisti.
973 1049 1034 1100 Non
1052 1048 1104 1102 tibi
1120 1067 1177 1102 res·

84 1122 188 1191 pendeo,
207 1119 269 1188 quia
286 1117 346 1188 ipsa
363 1128 435 1171 terra
456 1137 512 1172 non
537 1127 577 1172 est
599 1137 669 1182 mes,
694 1118 742 1172 sed
766 1128 807 1172 est
824 1120 859 1170 de
876 1135 938 1170 meo
954 1115 1084 1174 barbano.
1120 1121 1179 1172 Fau

84 1191 139 1243 milvi
154 1189 212 1240 inde
234 1187 325 1240 finem.
363 1191 424 1241 Nou
441 1187 558 1250 facium,
585 1189 651 1258 quis
672 1187 693 1239 si
717 1190 776 1258 ipse
793 1188 876 1240 suerit
892 1196 1046 1250 mortum.-
1062 1205 1110 1254 ego
1128 1190 1191 1246 des,

80 1258 124 1312 isco
140 1259 223 1314 venire
246 1258 281 1310 ad
300 1259 507 1312 successionem.
545 1259 598 1312 Vel
622 1259 677 1312 ita:
706 1261 768 1329 lpsa
789 1269 861 1312 terra
884 1276 940 1310 non
967 1267 1007 1310 est
1023 1275 1100 1322 men,
1127 1259 1179 1313 sed

79 1339 114 1382 est
132 1329 253 1390 Martini,
285 1338 313 1380 et
334 1345 383 1394 ego
401 1338 429 1381 te
447 1330 519 1380 malo
538 1329 633 1380 ordine
655 1345 711 1382 non
731 1329 877 1384 disvestivi.
913 1330 992 1380 Petne
1007 1335 1036 1380 te
1054 1331 1178 1408 appellet

76 1397 211 1462 lirnium,
240 1398 315 1470 quod
336 1399 395 1468 ipse
415 1399 467 1454 suit
489 1399 632 1455 investitus
652 1399 686 1450 ad
702 1398 839 1469 proprium
864 1399 901 1450 de
922 1398 1008 1468 petiis
1026 1399 1115 1455 tribus
1140 1401 1175 1452 de

82 1481 155 1533 tens,
183 1485 250 1538 quae
276 1469 350 1520 iacet
370 1469 398 1520 in
422 1467 566 1522 tali'loco.
607 1467 641 1522 Et
660 1480 691 1522 tu
714 1471 785 1522 malo
812 1467 907 1524 ordine
935 1485 997 1522 eum
1021 1467 1176 1524 dimersisti.

80 1542 130 1592 don
153 1538 201 1592 tibi
225 1540 391 1608 respondeo,
421 1539 486 1610 quia
509 1556 575 1592 ecce
601 1538 710 1602 charta,
747 1557 828 1610 quarn
852 1546 882 1589 tu
907 1537 1102 1601 minitentur,
1130 1545 1179 1590 snt

77 1619 146 1679 pster
166 1617 231 1660 tuus.
269 1611 349 1662 Petne
369 1617 398 1661 te
423 1611 544 1680 appellat
564 1609 709 1670 Martinus,
737 1609 811 1680 quod
832 1607 889 1678 ipse
909 1605 1121 1661 luitinvestitus
1142 1609 1178 1660 ad

76 1679 203 1749 proprium
221 1677 252 1732 de
267 1697 324 1730 rnna
345 1679 420 1748 petia
440 1680 577 1738 deterre,
597 1695 668 1748 quae
685 1679 759 1732 iacet
774 1679 803 1730 in
822 1679 872 1730 tali
893 1679 964 1730 loco.
1002 1679 1036 1730 Er
1053 1683 1084 1732 tu
1104 1670 1183 1738 rualoff

76 1749 168 1800 ordine
184 1766 236 1800 eum
255 1749 408 1801 disvestisti.
454 1749 509 1815 Ego
533 1747 622 1801 habeo
641 1749 727 1820 ipsam
749 1759 846 1802 terram
868 1748 1006 1800 venditam
1027 1749 1061 1799 ad
1083 1745 1178 1802 Marti-

75 1835 147 1870 num.
179 1817 276 1871 Probet
287 1821 335 1890 qui
353 1819 436 1871 habet
451 1819 598 1880 venditam,
616 1827 644 1871 et
660 1821 743 1882 dicat,
763 1818 839 1889 quod
852 1818 881 1869 in
896 1820 954 1888 ipsa
968 1819 1044 1880 hora,
1066 1811 1181 1895 quandp

72 1887 199 1950 venditit,
214 1905 259 1938 sua
283 1890 390 1960 propria
416 1898 491 1950 erat,
512 1896 540 1954 et
557 1890 630 1940 malo
654 1889 748 1941 ordine
765 1907 826 1941 eum
852 1888 1009 1940 disvestivit.
1045 1889 1123 1955 Petre
1148 1892 1180 1952 to}

71 1959 189 2027 appellit
204 1958 349 2021 Martinus,
375 1961 450 2029 quod
468 1960 526 2028 ipse
543 1957 596 2010 fuit
613 1959 754 2014 investitus
773 1959 807 2010 ad
825 1959 963 2028 propriurn
985 1957 1020 2010 de
1040 1976 1095 2010 una
1115 1975 1182 2010 casa

68 2029 193 2079 solariata
215 2043 275 2079 cum
299 2045 380 2092 area,
409 2027 455 2078 ubi
481 2035 589 2089 exstat,
617 2046 678 2081 cum
701 2031 774 2080 scala
802 2039 895 2098 petrea
918 2027 995 2079 iuxta
1026 2043 1054 2080 se
1080 2027 1178 2078 habita

66 2113 130 2148 cum
150 2105 220 2150 corte
238 2106 265 2149 et
280 2108 375 2168 priten,
401 2115 447 2149 seu
466 2097 564 2159 broilo,
583 2098 674 2152 omnia
698 2098 726 2147 in
745 2115 799 2150 uno
815 2106 939 2159 tenente,
964 2113 1035 2178 quae
1055 2097 1128 2164 iacet
1148 2097 1182 2161 in,

59 2167 114 2218 tali
133 2167 203 2236 loco.
237 2168 271 2220 Et
289 2179 320 2221 tu
342 2167 416 2219 malo
443 2168 537 2220 ordine
563 2183 625 2220 eum
650 2167 803 2220 disvestisti.
841 2169 901 2218 Non
927 2166 980 2219 tibr
1006 2165 1177 2237 respondeo,

55 2235 129 2305 quia
148 2245 179 2288 tu
197 2233 270 2290 fuisti
287 2237 425 2290 iudicatus
447 2238 482 2289 sd
501 2244 630 2300 mortem,
651 2247 697 2289 aut
726 2237 817 2289 iecisti
845 2246 970 2308 raptum,
998 2246 1046 2288 aut
1064 2239 1184 2305 lurtum„

54 2313 112 2357 aut
139 2305 305 2371 incendium,
325 2306 557 2376 arvipennium,
586 2315 633 2360 aut
658 2325 685 2359 es
704 2325 794 2360 servus
814 2307 847 2358 de
873 2309 990 2370 Donato,
1020 2316 1068 2360 aut
1087 2307 1178 2359 iecisti

51 2374 253 2440 homicidium,
274 2385 321 2429 sut
344 2376 412 2428 mihi
435 2378 500 2428 inde
524 2377 605 2428 finem
631 2377 728 2430 fecisti.
764 2380 819 2428 Aut
839 2378 950 2446 probet,
976 2386 1025 2429 sut
1051 2379 1185 2441 emendet,

50 2442 199 2508 bannum,
218 2454 244 2498 et
260 2449 428 2516 respondeat.
455 2448 497 2499 De
515 2447 610 2497 ceteris
628 2448 739 2516 quidem
753 2447 916 2500 emtionibus
934 2447 1063 2500 similiter.
1092 2445 1182 2500 Cuius¹

45 2514 164 2635 placiti
180 2517 332 2568 vadimonia
345 2535 393 2587 per
404 2535 480 2568 usum
497 2515 599 2568 debent
616 2535 673 2569 esse
690 2533 751 2568 cum
769 2517 969 2570 fideiussoribus
985 2519 1063 2580 taciti
1079 2516 1177 2590 poena.

78 2595 240 2638 aeramenta
258 2587 369 2658 quidem
387 2585 435 2640 ita.
470 2587 629 2656 Appellator
645 2587 724 2639 iuret.
760 2588 801 2639 De
819 2587 871 2639 hoc
890 2589 964 2640 unde
982 2597 1010 2639 te
1029 2589 1176 2661 appollini,

46 2653 144 2721 quod
163 2671 209 2720 ego
237 2656 274 2709 iui
298 2655 442 2709 investitus
470 2657 504 2707 sd
527 2658 662 2726 proprium
688 2658 722 2707 de
748 2673 803 2707 una
824 2658 899 2728 petis
926 2659 960 2709 de
984 2666 1074 2725 terra,
1103 2677 1175 2730 quse

47 2723 145 2776 iacet
167 2725 194 2776 in
216 2727 264 2778 tali
290 2728 363 2788 loco,
393 2735 420 2777 et
440 2735 470 2779 tn
496 2727 568 2777 malo
586 2727 681 2780 ordine
699 2744 741 2778 rne
760 2725 912 2779 disvestisti.
948 2727 994 2778 Me
1012 2729 1116 2782 sciente
1141 2729 1186 2794 de,

51 2801 144 2845 torto
160 2803 186 2846 te
202 2811 254 2848 uon
280 2797 424 2868 appellavi.
461 2797 488 2848 Si
504 2798 585 2848 Deus.
622 2796 781 2866 Appellatus
797 2797 844 2848 its.
881 2797 919 2847 Ea
938 2804 1027 2860 terra,
1049 2799 1123 2849 unde
1145 2787 1183 2852 tu‘

56 2877 118 2913 me
146 2865 382 2934 appellasti„rnea
400 2867 505 2937 propria
524 2875 579 2929 est,
600 2873 628 2917 et
648 2883 696 2932 ego
714 2875 742 2916 te
761 2866 833 2918 malo
859 2865 954 2916 ordine
972 2882 1027 2918 non
1053 2868 1179 2919 disvesti-

56 2929 111 2984 vi.
149 2934 266 2988 Silleus.
303 2937 356 2988 Vel
373 2936 427 2988 ita:
454 2937 494 2987 De
518 2935 571 2987 hoc
590 2936 662 2988 unde
681 2934 815 2987 Martinus
839 2934 988 3005 appellavit
1007 2935 1183 2996 Iohannem,⁸

58 3001 150 3072 quod
172 3003 224 3076 ipse
244 3005 379 3058 Martinus
403 3006 499 3059 fuisset
520 3005 665 3058 investitus
691 3005 726 3056 ad
747 3005 883 3076 proprium
907 3005 942 3056 de
965 3006 1040 3074 petia
1065 3024 1120 3058 una
1138 3003 1180 3057 'de

56 3080 162 3135 terra,
191 3091 259 3144 quae
282 3075 356 3129 iacet
373 3075 409 3127 ¹in
433 3075 483 3127 tali
507 3077 587 3138 loco,
617 3085 645 3128 et
670 3075 806 3126 lohannes
826 3092 887 3126 eum
913 3073 1079 3128 disvestisset
1105 3075 1183 3127 malo·

55 3141 218 3204 ordinere
237 3144 342 3198 sciente
369 3163 429 3196 eum
449 3147 483 3198 de
502 3155 572 3198 torto
590 3160 645 3197 non
664 3145 819 3216 appellavit.
857 3143 902 3196 Sic
920 3146 1000 3196 Deus.
1035 3141 1074 3196 Ea
1095 3151 1177 3210 terra,

52 3212 147 3263 unde
164 3213 291 3267 Martinus
315 3213 464 3285 appellavit
486 3217 646 3280 Iohannem,
672 3215 779 3286 propria
797 3222 838 3267 est
856 3213 992 3274 iohannis,
1008 3213 1040 3266 ¹et
1058 3215 1115 3286 ipse
1135 3213 1184 3267 lo'·'

45 3281 170 3335 hanuet
190 3301 250 3337 enm
269 3287 415 3352 Mertinum
433 3287 506 3338 nrulo
528 3287 622 3340 ordine
640 3304 696 3338 non
715 3283 875 3338 disvestivit.
911 3285 957 3337 Sic
975 3285 1056 3337 Deus.
1088 3280 1184 3339 Poena

47 3351 179 3422 quidem
202 3362 241 3406 est
264 3353 336 3408 talis.
372 3356 619 3427 Appellatorimi
642 3357 731 3410 victus
756 3355 855 3416 fuerit,
889 3363 921 3407 ut
941 3361 1039 3406 terram
1066 3351 1183 3422 relucet,

46 3420 198 3490 widrigild
213 3425 310 3492 solvat,
329 3432 357 3476 et
373 3427 522 3480 secundum
539 3429 626 3495 legem
644 3426 739 3478 victori
758 3427 892 3478 emendet.
911 3424 1059 3494 Appellati,
1071 3418 1185 3494 othon-³

47 3508 132 3544 num
147 3495 244 3558 solvat,
254 3495 388 3562 widrigild
404 3497 505 3560 donet,
522 3504 551 3550 et
569 3497 718 3549 secundum
737 3499 824 3564 legem
844 3494 1017 3566 appellatoris
1029 3497 1162 3551 ostendet.
1180 3488 1183 3499 ’

147 3592 208 3654 ΙΙΙ.
251 3597 300 3656 De
323 3595 531 3658 ecclesiarum
550 3597 666 3676 rebus,
694 3609 731 3661 nt
750 3597 1009 3683 per'adrooutoe
1031 3599 1103 3679 fiat,
1135 3587 1185 3662 si-f.

50 3672 188 3736 militer
212 3676 369 3743 iubemus.
454 3679 498 3738 ii.
524 3679 573 3744 55.
597 3681 646 3756 54.
1171 3709 1184 3755 ,‘

113 3773 212 3811 4ιιοιιι.
248 3761 327 3813 Petre
354 3768 382 3812 te
408 3760 529 3882 appellat
555 3763 702 3826 Martinus,
732 3765 808 3834 quod
831 3780 892 3834 pars
911 3765 1068 3818 monasterii
1091 3765 1179 3817 sancti
1260 3767 1263 3782 '

51 3824 172 3892 inueni,
199 3829 274 3882 unde
291 3839 322 3882 tu
344 3847 372 3881 es
395 3831 415 3882 A
437 3837 568 3894 vocatus,
587 3826 664 3884 tenet
688 3828 738 3884 sibi
757 3843 855 3886 terram
873 3835 946 3886 malo
965 3836 1059 3888 ordine
1081 3835 1110 3888 iu
1127 3835 1187 3887 tall*

55 3894 135 3949 loeo.
172 3901 234 3970 Ipsa
252 3907 324 3952 terra
342 3901 450 3971 propris
468 3910 508 3953 est
525 3902 559 3953 de
584 3903 747 3955 monasterio
770 3920 829 3974 pers
841 3901 979 3967 chartam,
1006 3919 1087 3973 quam
1111 3903 1185 3958 serit

59 3976 142 4036 pater
157 3975 231 4022 tuus.
268 3971 303 4022 Et
319 3987 384 4024 ecce
401 3971 502 4022 charta.
539 3971 618 4022 Falsa
637 3981 677 4024 est
694 3973 752 4042 ipsa
772 3972 874 4027 charta.
910 3973 987 4024 Petro
1010 3975 1038 4024 te
1058 3976 1184 4047 appellat

61 4037 215 4101 Martinus,
241 4040 317 4108 quod
336 4059 396 4110 pars
418 4041 571 4092 monasterii
595 4042 682 4095 saneti
701 4042 800 4105 Rufini,
820 4041 894 4094 unde
910 4050 941 4094 tu
964 4056 992 4094 es
1005 4043 1188 4110 *Advocaten-

59 4115 139 4162 tenet
158 4107 212 4160 sibi
230 4117 328 4162 terram
350 4111 422 4161 melo
440 4111 534 4163 ordine
557 4111 585 4162 in
605 4113 654 4164 tali
679 4113 749 4164 loco.
788 4112 848 4180 lpss
873 4113 1067 4184 terrs‘propris
1086 4117 1126 4166 es‘t
1142 4103 1185 4168 tid

60 4177 229 4231 monasterio
251 4195 299 4249 per
313 4177 443 4245 chartam,
463 4197 543 4252 quam
567 4181 634 4234 fecit
647 4183 749 4236 Petrus.
785 4181 820 4234 Et
838 4193 904 4234 ecce
923 4179 1023 4246 charta.
1062 4183 1098 4236 lit·
1114 4177 1184 4256 quse!

61 4245 116 4300 tibi
129 4249 255 4321 pertinet
273 4265 323 4321 per
344 4249 481 4316 chartam,
516 4269 598 4321 quern
617 4252 684 4305 mihi
709 4251 775 4306 feeit
797 4253 854 4322 ipse
878 4249 1000 4308 Petrus?
1032 4254 1117 4309 Tune
1132 4249 1184 4328 dur*
