2676 4976
179 289 254 367 ooo
644 307 836 362 rossem

178 460 268 530 tum,
300 445 548 534 pnesnmpserit
577 465 708 508 manum
736 444 881 522 mittere,
906 453 962 507 tua
989 447 1145 508 iustissima
1167 453 1244 536 pietas

178 533 242 596 boe
265 531 428 594 declarare
451 530 625 612 dignetur,
646 538 685 590 nt
706 529 739 590 in
761 528 831 590 eius
852 549 986 610 corpore
1010 539 1064 590 tua
1083 531 1174 596 rirtus
1194 557 1245 597 na-

179 618 362 693 nifestctur,
383 623 416 674 et
437 614 543 672 anima
564 613 654 674 illius
675 632 734 708 per
753 611 987 692 poenitentiam
1011 612 1151 675 salvetur.

258 700 347 760 Dens
372 693 470 757 index
494 694 683 776 iustus,an
714 704 827 754 auctor
850 693 936 776 pacis
960 717 1005 772 ea,
1029 705 1060 756 et
1083 695 1191 762 iudicas
1211 726 1247 765 ac·

177 779 346 866 quitatem,
370 787 402 838 te
422 778 612 859 suppliciter
630 797 777 860 rogamus
804 782 841 834 nt
865 775 925 838 bec
952 777 1072 838 semum
1098 781 1246 846 ordinatum

178 861 219 923 ad
245 863 360 922 iusum
391 859 660 922 examinationem
695 857 870 920 cuiuslibet
902 859 1073 920 dubietatis
1100 862 1247 928 faciendam

175 943 370 1005 benedicere
392 947 417 1023 †
438 951 471 1002 et
490 941 687 1004 sanctificare
708 941 863 1025 digneris,
885 940 930 1002 ita
953 954 990 1004 ut
1012 944 1038 1004 si
1064 943 1202 1007 innocens
1219 952 1247 1010 de

176 1025 418 1110 praeuomiuata
446 1045 560 1103 caum,
581 1025 669 1085 uude
690 1021 838 1107 purgatio
862 1026 1048 1106 quaerenda
1069 1036 1124 1102 est,
1142 1029 1195 1090 boc
1212 1030 1247 1114 ig-

177 1108 281 1169 uiturn
306 1108 340 1168 ia
364 1129 477 1168 manus
505 1107 675 1190 acceperit,
703 1107 834 1168 illaesus
857 1107 1027 1189 adpareat,
1059 1118 1091 1168 et
1111 1112 1248 1193 culpabilis

175 1200 272 1272 atque
293 1211 386 1265 reus,
415 1190 584 1252 iustissima
609 1189 651 1250 sit
671 1189 711 1250 ad
732 1189 793 1250 boc
817 1187 920 1258 rictus
936 1199 991 1252 tna
1013 1192 1047 1250 in
1071 1211 1109 1252 ee
1129 1213 1191 1252 eum
1205 1196 1249 1255 rir-

175 1279 244 1336 tute
265 1272 522 1334 declarandum:
558 1280 717 1355 qnatenus
748 1271 988 1334 iustitiaanon
1020 1274 1249 1336 dominetnrini·

175 1353 303 1438 quitus,
329 1354 385 1415 sed
411 1355 568 1418 subdatur
591 1354 711 1416 salsitas
733 1353 905 1438 aequitati,
926 1379 989 1440 per
1015 1357 1177 1420 Dominum·
1197 1381 1249 1420 nos·

174 1446 261 1498 worn
280 1446 342 1500 etc.

174 1587 293 1671 Incipit
315 1585 522 1650 Esar-cismar
545 1607 644 1672 aquae
671 1585 717 1647 ad
737 1585 889 1647 iudicium
910 1587 976 1647 Dei
995 1585 1248 1654 demonstrandam,

340 1705 381 1760 Ex
399 1701 501 1756 Ordine
517 1699 653 1754 Donatani
672 1699 873 1772 Arcbiepiscopi
896 1700 1117 1756 Doroberneusis.

255 1805 315 1866 Ill.
357 1807 635 1866 Peractis.coram
660 1801 832 1862 Sacerdote
862 1803 958 1862 triam
986 1803 1108 1864 dieram
1131 1805 1248 1882 ieiuniis,

175 1909 244 1956 cum
263 1889 402 1948 homines
422 1887 473 1946 vis
489 1888 612 1946 mittere
632 1885 678 1943 ad
696 1881 850 1944 indiciam
872 1899 972 1962 aqrctw
983 1883 1125 1965 frigidae
1139 1887 1174 1945 ob
1190 1907 1249 1946 eont-

171 1971 414 2055 prolatienm,
436 1971 483 2030 ita
503 1967 615 2048 facere
643 1965 747 2030 debes.
795 1966 911 2048 Accipe
936 1969 1013 2028 illos
1040 1970 1173 2030 nominas
1194 1989 1250 2046 qnos

176 2054 220 2114 vis
243 2053 366 2112 mittere
391 2052 425 2110 in
458 2071 586 2134 agriam,
616 2061 647 2110 et
674 2047 735 2108 dac
758 2069 811 2109 eos
836 2051 871 2108 in
894 2048 1091 2122 Ecclesiam,
1120 2063 1150 2110 et
1171 2071 1250 2110 coram

174 2133 315 2197 omnibns
340 2133 408 2193 illis
435 2145 537 2194 cantet
558 2131 731 2208 Rresbyter
751 2131 902 2207 Missam,
924 2145 956 2192 et
968 2131 1075 2212 faciat
1096 2155 1145 2194 eos
1172 2132 1207 2192 at
1218 2134 1251 2212 ip-

176 2237 242 2276 sam
263 2209 395 2276 Illissam
411 2213 543 2294 efferre.
586 2213 660 2274 Cum
677 2225 779 2276 autem
798 2212 844 2274 ad
861 2216 1110 2278 communionem
1130 2216 1250 2286 venerint,

112 2341 115 2356 .
174 2310 341 2377 antequam
368 2298 614 2365 communicent,
635 2297 804 2373 interroget
832 2316 884 2354 eos
908 2294 1068 2356 Sacerdos
1093 2318 1158 2358 casa
1179 2294 1250 2356 adiu-

173 2380 294 2440 ratione
314 2390 342 2436 et
363 2377 461 2438 dicat.
499 2377 623 2438 Adiuro
639 2398 695 2438 ros
711 2377 758 2440 itt.
780 2385 812 2436 et
826 2377 876 2443 ill.
891 2398 949 2458 per
961 2379 1092 2439 Patrem
1111 2388 1142 2440 et
1155 2377 1250 2439 Filium

173 2467 207 2519 et
230 2459 386 2540 Spiritum
414 2467 570 2536 sanctam,
595 2467 627 2518 et
647 2480 705 2540 per
725 2469 861 2520 vestram
891 2458 1159 2522 Christianitatem
1178 2480 1250 2540 quan

173 2539 376 2621 suscepistis,
396 2549 429 2602 et
458 2561 517 2622 per
541 2540 744 2621 unigenitum
768 2540 829 2601 Dei
853 2542 987 2619 Filium,
1012 2552 1045 2602 et
1065 2566 1121 2625 per
1139 2551 1249 2606 sanctam

173 2622 387 2699 Trinitatem,
414 2632 447 2682 et
473 2633 695 2704 persanctum
719 2623 954 2703 Evangeiinm,
989 2634 1021 2684 ct
1055 2629 1127 2690 istas
1154 2635 1250 2686 sanctas

172 2704 338 2784 Reliquias
357 2727 440 2786 quae
455 2704 488 2764 iu
510 2706 568 2766 ista
587 2705 731 2766 Ecclesia
750 2713 835 2780 sunt,
856 2715 890 2765 ct
906 2727 964 2787 per
983 2706 1068 2768 illud
1089 2708 1250 2787 baptismam

173 2807 240 2868 quo
262 2809 315 2849 ros
331 2787 485 2849 Sacerdos
501 2787 713 2870 regeneravit,
735 2798 772 2849 ut
792 2807 855 2846 non
876 2789 1086 2870 praesumatis
1100 2791 1162 2850 nilo
1178 2789 1250 2849 modo

173 2870 409 2932 communicare
431 2890 538 2952 neque
559 2870 710 2930 accedere
738 2872 779 2931 ud
799 2874 917 2946 altare,
945 2868 972 2929 si
995 2870 1058 2932 boc
1083 2873 1191 2932 fecistis
1211 2878 1251 2928 aut

173 2952 401 3028 consensistis,
429 2962 485 3013 aut
507 2950 594 3015 scitis
622 2952 695 3032 quia
722 2953 784 3016 bec
813 2953 926 3034 egerit.
977 2953 1017 3011 Si
1051 2967 1150 3016 autem
1172 2965 1251 3015 tacue-

174 3037 249 3109 rint,
276 3048 307 3094 et
327 3035 408 3098 nulli
434 3036 493 3096 laec
524 3033 689 3110 dixerint,
716 3035 845 3096 accedat
870 3032 1029 3095 Sacerdos
1057 3037 1102 3097 ad
1124 3037 1209 3096 altare
1230 3045 1252 3092 ct

173 3118 386 3178 eommunicet.
416 3117 531 3178 Postea
544 3137 614 3178 vero
625 3118 830 3178 communicet
841 3117 920 3187 ‚illos
937 3137 1016 3192 quos
1030 3119 1101 3178 uait
1117 3121 1148 3176 in
1164 3136 1251 3197 aqaan

173 3200 305 3260 mittere.
348 3197 426 3258 Cam
448 3211 550 3258 atatem
573 3201 890 3271 communicaverint,
918 3198 1008 3258 dicat
1036 3199 1185 3261 Sacerdos
1198 3209 1251 3258 ante

173 3281 273 3340 altare
294 3301 353 3358 per
377 3282 540 3360 singulos:
571 3279 696 3362 Corpus
719 3280 781 3342 boe
812 3291 845 3342 et
869 3283 997 3363 sanguia
1021 3283 1153 3344 Domini
1173 3277 1252 3342 nostri

174 3362 246 3424 lesu
266 3361 387 3425 Christi
408 3364 449 3425 sit
471 3361 529 3428 tibi
556 3363 595 3426 ad
617 3363 837 3446 probationem
867 3363 976 3426 hodia.

535 3479 653 3565 incipit
670 3479 771 3539 Missa
795 3479 918 3542 iudicii.

192 3637 194 3648 .
254 3582 445 3688 Antiphone.
488 3595 595 3657 Iustus
629 3616 680 3670 es,
714 3593 870 3672 Domine,
904 3603 937 3658 et
964 3605 1091 3658 rectum
1123 3587 1253 3656 indicium

172 3680 285 3748 tunm,
319 3677 370 3734 tac
399 3696 472 3738 cuns
497 3697 592 3737 servo
618 3685 673 3737 tuo
697 3679 874 3742 secuudum
907 3677 1155 3744 misericerdiam
1179 3687 1253 3736 issam·

172 3755 290 3820 Psalm.
339 3755 429 3823 Beati
450 3758 653 3821 immaculati.

598 3873 839 3944 Onerum

251 3984 410 4064 Absolve,
433 4007 626 4068 quaesumus
650 3987 810 4066 Domine,
840 3997 968 4051 tuorum
994 3989 1112 4052 delicta
1138 3983 1253 4048 famido-

169 4089 260 4144 rnni,
288 4078 362 4130 uta
391 4080 595 4151 pcccatorum
619 4090 750 4130 snorum
776 4072 924 4146 nexibus,
945 4094 1028 4154 qnae
1049 4091 1108 4154 pro
1129 4091 1181 4131 sua
1204 4067 1252 4124 ira·

168 4150 295 4231 gilitate
321 4161 563 4229 contraxerant,
584 4161 637 4217 tna
661 4152 861 4234 benignitate
884 4154 1074 4230 liberentur,
1097 4163 1128 4214 et
1151 4152 1182 4212 iu
1205 4147 1253 4208 bos

170 4232 292 4296 indicio
324 4243 422 4316 prout
446 4244 645 4311 mernerunt,
666 4244 722 4295 tua
742 4236 863 4297 institia
886 4238 1133 4320 praeveniente,
1153 4232 1189 4294 ad
1211 4248 1252 4290 vt·
