2684 4990
420 295 468 350 ns
493 291 641 349 onnrnn
658 291 801 348 consur
1102 275 1174 349 765

71 440 220 505 secuudum
236 443 390 492 sanctarum
410 434 588 504 scriptuarum
608 432 762 491 tramitem,
791 429 1069 502 promulgationibus,
1095 442 1180 506 atque

73 532 107 567 ex
125 508 336 564 Christianorum
354 510 454 573 Regum
472 502 714 560 constitutionibus
731 515 779 569 per
806 501 929 569 capitula
945 501 1063 558 breviter
1080 521 1113 578 ac
1138 524 1180 558 sa.

71 581 205 643 lubriter,
224 578 246 629 si
265 587 410 631 teneantur
428 584 456 628 et
476 581 662 644 exequantur,
683 571 802 624 collecta
826 570 1010 625 eontinentur.
1045 575 1180 628 Verunta.

72 669 135 704 men
153 649 217 723 qnia
239 648 437 708 Samaritanus,
456 661 535 698 verus
552 642 685 697 videlicet
704 650 795 693 custos
816 640 929 693 humani
956 643 1060 708 generis
1084 645 1180 698 stabu.

72 721 157 784 lario,
183 719 288 780 idest,
314 713 468 769 Pontificali
497 713 603 775 ordini,
630 713 707 765 cuius
734 726 816 782 curae
840 711 1015 764 vulneratum
1041 731 1179 786 quemque

73 789 250 851 commiserat,
277 787 310 837 ad
327 785 478 838 sanandum
497 784 563 835 dans
581 785 648 836 duos
672 781 811 841 denarios,
838 789 917 832 vetus
942 781 1052 836 scilicet
1075 801 1106 836 ac
1131 802 1181 836 nc-

72 865 137 915 vuhr
155 865 357 917 testamentum,
386 855 475 916 dixit,
496 852 578 922 Quod
602 869 686 922 super·
708 851 884 918 erogaveris,
913 867 961 920 ego
986 869 1046 904 cum
1069 853 1180 906 rediero

73 926 187 985 reddam
210 929 276 980 tibi.-
294 926 394 977 eisdem
411 924 492 991 gestis
516 924 645 975 veluteis
664 919 919 990 supererogatione,
939 938 1012 989 qnae
1035 925 1182 993 praemissa

74 1000 183 1055 suntin
200 998 251 1050 ho'c
268 998 418 1066 opusculo,
438 1002 466 1048 et
484 1011 556 1064 quae
572 1000 721 1063 sequentur
738 990 856 1042 adiicere
875 990 982 1050 studeo.

102 1156 107 1167 ‚
143 1102 201 1154 llll.
235 1084 425 1154 Annaarsnua'
447 1089 539 1149 senem
558 1104 587 1148 et
604 1093 753 1164 sapientem
771 1093 872 1146 Domni
897 1094 999 1146 Caroni
1018 1085 1109 1162 Magni
1127 1095 1183 1148 lm·

74 1171 198 1244 peratoris
215 1169 419 1240 propinquum,
446 1177 474 1220 et
499 1165 653 1218 monasterii
679 1162 810 1216 Corbeiae
836 1163 962 1215 abbatem
989 1165 1061 1215 inter
1082 1166 1182 1235 primos

74 1241 236 1295 consiliarios
254 1238 372 1311 primum
390 1239 419 1288 in
437 1235 625 1288 adolescentia
643 1250 704 1284 mea
721 1233 783 1286 vidi.
822 1233 906 1286 Cuius
931 1233 1057 1285 libellum
1083 1236 1116 1287 de
1142 1253 1184 1288 or·

72 1312 134 1362 dine
152 1309 249 1362 Palatii
268 1309 339 1374 legi,
361 1315 389 1360 et
407 1305 518 1375 scripsi,
538 1305 566 1357 in
584 1322 639 1374 quo
657 1303 729 1353 inter
747 1312 855 1355 caetera
875 1303 1048 1356 continetur:
1076 1304 1184 1358 duabus

70 1379 258 1452 principaliter
274 1375 452 1430 divisionibus
469 1376 553 1428 totius
574 1374 647 1445 regni
667 1381 765 1424 statum
785 1382 924 1436 constare,
945 1373 1096 1443 anteposito
1115 1393 1185 1427 sem·

70 1467 119 1521 per
136 1459 165 1501 et
182 1448 286 1518 ubique
305 1446 498 1516 omnipotentis
516 1445 567 1498 Dei
584 1444 696 1495 indicio.
734 1444 838 1495 Paruum
865 1443 996 1496 videlicet
1024 1443 1184 1497 divisionem

72 1537 129 1573 esse
149 1519 259 1580 dicens,
280 1534 335 1587 qua
354 1516 459 1567 assidue
478 1523 505 1567 et
521 1514 712 1566 indeficienter
728 1512 805 1577 Regis
829 1513 962 1566 Palatium
987 1512 1131 1580 regebatur
1156 1523 1185 1567 et

72 1588 257 1642 ordinabatur.
295 1587 414 1638 Alteram
431 1604 513 1646 vero,
542 1603 597 1654 qua
620 1584 705 1636 totius
723 1582 796 1647 regni
821 1591 907 1636 status
930 1584 1084 1647 secundum
1106 1601 1184 1638 suam

72 1659 237 1733 qualitatem
255 1655 448 1710 studiosissime
466 1654 632 1728 providendo
650 1652 816 1709 servabatur.
963 1665 968 1670 '

66 1802 70 1806 .
141 1761 220 1812 Xlll.
257 1762 289 1811 ln
307 1758 392 1827 prima
410 1746 687 1826 igitur‘dispositione
714 1754 791 1820 liegis
812 1753 946 1824 palatium
969 1755 1000 1809 in
1025 1766 1185 1810 ornamento

72 1830 158 1886 totius
176 1829 272 1900 palatii
292 1831 331 1880 ita
348 1828 529 1880 ordinandum
548 1835 614 1880 erat.
658 1824 818 1894 Anteposito
850 1841 911 1890 ergo
934 1827 1006 1892 Rege
1031 1837 1059 1880 et
1084 1829 1186 1892 Regina

72 1920 136 1956 cum
154 1899 323 1952 nobilissima
341 1899 417 1967 prole
435 1915 498 1959 sua,
517 1906 572 1949 tam
590 1897 619 1948 iu
638 1895 823 1965 spiritalibus,
850 1912 931 1963 quam
951 1905 979 1950 et
1004 1897 1032 1948 in
1056 1899 1187 1949 seculari·

66 1973 140 2032 bus,
162 1979 246 2039 atque
264 1967 448 2038 corporalibus
466 1966 546 2018 rebus
563 1985 612 2036 per
627 1965 677 2018 hos
696 1965 830 2017 ministros
849 1964 921 2016 omni
949 1975 1070 2037 tempore
1089 1967 1187 2033 guber-

73 2041 200 2102 nabetur,
220 2040 350 2092 videlicet
367 2055 416 2107 per
432 2037 656 2107 Apocrisiarinm,
675 2035 703 2086 id
722 2045 781 2097 est,
810 2032 991 2104 responsalem
1016 2040 1186 2104 negotiorum

73 2109 341 2172 Ecclesiasticorum3
362 2107 438 2160 cuius
457 2106 633 2158 ministerium
654 2122 687 2156 ex
706 2122 738 2157 eo
756 2114 877 2174 tempore
896 2106 1009 2174 sumpsit
1032 2107 1185 2171 exordium,

75 2179 185 2250 quando
212 2179 405 2230 Consrsnrruus
429 2179 544 2243 Magnus
570 2179 717 2245 Imperator
744 2173 914 2226 Christianus
940 2179 1053 2228 allectus
1076 2187 1187 2246 propter

75 2267 189 2301 amorem
210 2258 240 2300 et
256 2248 386 2300 honorem
406 2257 560 2300 sanctorum
579 2247 768 2315 Apostolorum
796 2242 869 2296 Petri
896 2251 925 2295 et
948 2245 1040 2308 Pauli,
1068 2264 1185 2315 quorum

73 2320 197 2372 doctrina
217 2335 249 2370 ac
269 2316 416 2370 ministerio
435 2319 469 2369 ad
488 2315 585 2369 Christi
604 2315 714 2381 gratiam
739 2312 908 2383 baptismatis
933 2313 1100 2369 Sacramenti
1126 2335 1188 2386 per·

70 2390 162 2452 venit,
182 2389 276 2439 locum
296 2396 322 2439 et
342 2388 432 2438 sedem
451 2404 542 2448 strum,
562 2385 655 2437 urbem
674 2385 783 2436 scilicet
800 2385 963 2444 Romanam,
990 2386 1078 2455 Papae
1099 2387 1188 2439 Silve-

68 2471 121 2512 stro
140 2458 238 2511 edicto
256 2457 389 2527 privilegii
408 2457 539 2518 tradidit,
560 2465 587 2508 et
605 2456 696 2506 sedem
722 2471 796 2506 suam
821 2455 850 2504 in
881 2451 992 2506 civitate
1017 2474 1083 2519 sna,
1115 2474 1187 2525 quae

69 2538 148 2582 antea
164 2530 329 2596 Byzantium
346 2526 506 2590 vocabatur,
534 2521 651 2578 nominis
667 2525 708 2576 sui
728 2524 864 2577 civitatem
884 2525 1040 2592 ampliando
1060 2527 1189 2580 aedifica-

63 2601 121 2654 vit:
141 2609 169 2652 et
192 2599 231 2651 sic
249 2598 416 2669 responsales
434 2605 489 2648 tam
509 2597 646 2648 Romanae
664 2595 755 2656 sedis,
783 2611 863 2663 quam
885 2603 913 2646 et
936 2595 1050 2648 aliarum
1078 2599 1186 2668 praeci-

69 2687 183 2743 puarum
204 2669 309 2721 sedium
327 2669 356 2719 in
373 2667 477 2737 palatio
495 2685 543 2737 pro
561 2665 760 2719 Ecclesiasticis
778 2664 892 2730 negotiis
911 2665 1095 2721 excubabant.

139 2771 213 2822 XIV.
260 2770 417 2830 herculano
435 2785 494 2836 per
519 2767 683 2837 Episcopus,
711 2765 747 2816 ali
770 2765 861 2816 nando
887 2783 951 2818 vero
974 2784 1022 2837 per
1050 2768 1186 2821 Diaconos

71 2839 230 2910 Apostolica
247 2839 324 2889 sedes
343 2837 395 2888 hoc
415 2837 505 2888 cilicio⁴
521 2836 694 2901 fungebatur.
748 2784 811 2902 ὃυο
830 2834 919 2885 oflicio
943 2837 972 2887 B.
994 2838 1137 2900 Gregorius
1156 2839 1187 2890 in

71 2909 190 2962 Diaconi
210 2907 311 2958 Ordine
330 2905 440 2957 functus
458 2907 521 2965 fnit,
532 2914 560 2956 et
578 2923 611 2956 ex
631 2904 690 2956 aliis
698 2903 853 2972 praecipuis
866 2903 975 2954 sedibus
992 2923 1040 2973 per
1049 2907 1186 2959 Diaconos

71 2981 102 3031 id
120 2977 240 3030 officium
261 2974 459 3045 exequebatur,
469 2975 539 3027 sicut
558 2975 627 3028 sacri
646 2991 762 3026 canones
780 2972 931 3025 iubentur
949 2973 977 3024 in
995 2973 1037 3026 bis
1048 2977 1186 3046 cisalpinis

72 3046 228 3114 regionibus
241 3053 303 3116 post
325 3063 386 3095 uam
400 3045 581 3097 Hunnowrcus
599 3043 802 3116 praedicatione
820 3045 853 3094 B:
869 3042 980 3110 Remigii
997 3045 1031 3096 ad
1048 3047 1187 3099 Christum

74 3135 235 3178 conversus,
255 3124 282 3168 et
301 3063 335 3165 db
353 3115 411 3184 ipso
432 3132 493 3166 curn
511 3114 597 3166 tribus
616 3113 736 3166 millibus
754 3116 920 3166 Francorum
938 3114 966 3162 in
985 3115 1078 3179 vigilia
1097 3118 1186 3169 saneti

72 3181 178 3240 Pascha
196 3184 351 3255 baptizatus
371 3186 477 3246 extitit,
497 3201 545 3253 per
562 3184 746 3238 successiones
766 3187 868 3249 vagum,
885 3182 974 3234 sancti
1000 3185 1125 3256 Episcopi
1153 3205 1188 3239 ex
1265 3191 1269 3198 '

73 3256 129 3308 suis
147 3254 272 3318 sedibus,
293 3264 321 3307 et
340 3262 460 3324 tempore
480 3254 646 3324 competenti
663 3253 795 3324 palatium
814 3253 955 3306 visitantes
979 3254 1095 3306 vicissim
1115 3258 1188 3310 hanc

74 3325 332 3377 administrationem
353 3324 550 3394 disposuerunt.
584 3327 745 3394 htempore
762 3341 826 3375 vero
847 3326 949 3375 Prvvrnr
979 3332 1006 3374 et
1025 3325 1126 3378 Cincnr
1145 3328 1189 3378 in·

73 3396 182 3449 terdum
203 3412 248 3465 per
265 3393 452 3464 presbyteros,
472 3395 610 3450 interdum
629 3412 676 3464 per
694 3395 839 3463 Episcopos
868 3393 938 3456 regia
965 3394 1118 3459 voluntate,
1146 3407 1188 3449 at-

74 3483 129 3536 que
148 3466 299 3535 Episcopali
319 3482 451 3516 consensu
468 3483 516 3534 per
535 3465 687 3528 Diaconos,
707 3465 750 3515 vel
775 3463 947 3528 presbyteros
975 3465 1074 3532 magis,
1103 3469 1187 3535 quam

73 3555 123 3606 per
140 3535 286 3606 Episcopos
304 3534 357 3586 boc
377 3535 493 3588 officium
513 3544 659 3586 executum
679 3533 785 3586 extitit:
805 3533 869 3602 qnia
887 3533 1012 3603 Episcopi
1043 3537 1186 3592 continuas

74 3606 180 3670 vigilias
198 3623 276 3675 supra
296 3622 401 3672 gregem
422 3623 499 3656 snum
519 3605 620 3656 debent
638 3603 744 3656 assidue
763 3603 894 3674 exemplo
908 3612 935 3655 et
951 3604 1034 3657 verbo
1061 3607 1183 3674 vigilare,

70 3679 105 3728 'et
121 3693 177 3726 non
196 3675 299 3727 diutius
317 3675 468 3727 secundum
487 3693 574 3727 sacros
594 3692 711 3727 canones
731 3692 746 3726 a
765 3675 819 3727 suis
838 3673 932 3726 abesse
950 3675 1105 3743 parrochiis·

145 3779 203 3831 XV.
239 3779 333 3840 Nesus
351 3777 430 3830 iuxta
448 3778 557 3830 decreta
576 3795 609 3830 ex
628 3778 708 3831 sacris
725 3778 874 3831 canonibus
887 3779 1057 3848 promulgata
1068 3781 1096 3831 Β.
1117 3782 1185 3834 Gre-

73 3847 150 3913 gorii,
169 3849 315 3917 praetoria,
334 3866 405 3917 quae
424 3865 498 3900 nunc
516 3851 598 3913 regia,
619 3859 646 3902 et
668 3850 793 3900 usitatius
810 3849 912 3920 palatia
931 3849 1116 3912 nominantur,
1138 3852 1187 3902 de-

70 3918 142 3970 bent
158 3918 295 3969 inutiliter
316 3917 463 3969 observare·
475 3936 510 3970 ne
527 3918 666 3972 incurrant
684 3919 833 3978 iudicium,
855 3927 885 3970 ut
905 3928 999 3970 contra
1017 3920 1119 3989 placita
1140 3938 1187 3973 ca-

70 4005 176 4039 nonum
194 3987 246 4039 sibi
264 3990 291 4039 in
312 3988 481 4040 ordinatione
500 4007 548 4039 sua
564 3990 663 4042 tradita
681 3989 813 4042 iacientes
826 3988 877 4056 ipsi
894 3987 945 4040 sibi
960 3988 1064 4042 honore
1077 3993 1187 4060 privent

74 4057 267 4110 ecclesiastico.
303 4059 355 4121 Et’,
376 4067 406 4110 ut
425 4059 459 4110 de
478 4058 561 4110 licitis
579 4060 703 4130 exernplo
720 4077 862 4127 ponamus,
884 4068 912 4110 et
930 4057 964 4110 de
981 4060 1088 4113 inlicite
1108 4081 1185 4113 usur·

73 4129 147 4197 patis
164 4145 219 4178 non
237 4137 390 4181 taceamus:
409 4137 530 4198 tempore
547 4130 650 4184 Prrrmr
676 4129 823 4180 escarum
841 4127 893 4178 hoc
912 4128 1092 4182 ministerium
1119 4149 1185 4185 con-

74 4215 155 4257 sensu
173 4197 359 4269 episcopcrum
377 4215 426 4266 per
444 4198 592 4250 Fnlradum
611 4197 815 4269 presbyterum
839 4205 961 4266 tempore
980 4200 1061 4253 etiam
1081 4202 1183 4255 Caroni

75 4272 123 4338 ptr
141 4266 349 4336 Engelramnum
369 4275 397 4320 et
414 4268 604 4322 Hildiboldum
623 4268 780 4340 episcopos3
799 4275 920 4336 tempore
937 4269 1058 4340 denique
1075 4272 1183 4324 linono·
