2676 4976
509 293 812 353 aonaoaaanmsa
1146 285 1220 365 557

97 451 166 506 tam
187 437 368 504 mobilium
390 455 551 521 quamque
579 433 793 498 immobilium
816 458 875 502 sen
902 437 1026 504 familie
1051 451 1085 508 et
1106 447 1134 512 si
1157 448 1222 512 hou

98 546 171 588 non
195 522 320 588 feceris
344 529 379 583 ut
399 539 569 603 componas
599 519 712 580 decem
733 521 832 584 libras
859 522 939 586 auri.
988 527 1062 603 Quo
1085 531 1223 596 vadibus

98 609 250 682 firmato,
271 615 351 668 tunc
381 603 506 688 gladius
530 621 606 662 cum
625 601 769 684 ‚clamide
790 613 824 666 et
845 653 854 670 .
875 649 883 668 .
906 651 914 667 .
946 608 1095 674 tenditur
1115 635 1134 674 a
1161 614 1223 676 Se-

102 713 212 768 neca,
242 697 275 753 et
303 689 419 750 Orator
446 685 560 748 dicat:
596 705 656 768 per
686 685 781 750 illum
816 687 975 770 gladiatu,
994 700 1027 753 et
1052 695 1224 759 clamidem

103 775 235 860 Sponsa
260 771 360 834 Fabio
385 765 609 852 Semproniam
626 775 714 832 tuam
737 770 914 849 reperiam,
937 791 1002 853 que
1024 785 1073 838 cat
1098 799 1142 840 ex
1166 801 1225 862 ge.

105 877 190 924 nere
214 857 421 918 Francorum.
464 849 563 930 Quod
587 870 661 913 cum
683 852 808 914 Seneca
833 853 1011 916 firmaverit
1031 866 1124 922 tnnc·
1139 861 1224 924 Ora·

106 948 161 1003 tor
183 937 269 1002 dicat
295 936 335 997 ad
356 934 494 998 Fabium
518 932 732 1017 accipientem
757 935 900 1020 gladium
916 957 990 998 cum
1019 941 1156 1007 clamide
1177 943 1225 1008 di.

106 1032 161 1088 cat
186 1019 238 1082 ci:
265 1040 284 1080 o
308 1012 412 1080 Fabio
432 1026 471 1079 tu
491 1036 550 1100 per
580 1015 730 1080 eumdem
754 1019 899 1102 gladium
920 1029 952 1082 et
973 1020 1145 1088 clamidem
1164 1047 1224 1090 co·

105 1103 288 1168 mandatam
316 1099 398 1173 sibi,
431 1101 535 1163 donec
561 1098 662 1161 luerit
688 1099 774 1162 inter
795 1110 827 1163 ta
861 1111 894 1164 et
921 1101 1016 1167 illum
1037 1111 1224 1173 conventio.

105 1189 182 1270 Quo
202 1185 291 1248 facto
319 1194 401 1246 tunc
420 1183 544 1246 Seneca
572 1179 629 1242 det
647 1181 748 1244 Fabio
774 1184 959 1248 vadimonio
982 1189 1070 1268 quod
1098 1191 1226 1255 dederit

105 1268 333 1351 Semproniam
357 1266 399 1330 ad
431 1264 614 1348 legitimum
641 1265 848 1348 coniugium,
884 1275 916 1329 et
939 1268 1048 1332 mittet
1068 1294 1139 1334 eam
1162 1278 1225 1340 sub

102 1347 240 1416 mundio
264 1371 341 1412 oum
371 1347 521 1411 omnibus
542 1347 639 1409 rebus
664 1348 849 1428 mobilibus,
871 1357 904 1411 et
920 1348 1151 1438 immobilibus,
1166 1381 1226 1422 seu

101 1429 238 1498 familiis
265 1453 332 1516 que
359 1432 390 1494 ei
419 1429 545 1516 legibus
580 1428 748 1513 pertinent
778 1441 812 1494 et
844 1431 963 1496 Fabius
992 1435 1047 1498 det
1076 1438 1225 1506 Seneche

102 1515 331 1582 vadimonium
357 1535 427 1576 eam
450 1511 633 1595 recipiendi
654 1514 733 1575 etsi
758 1515 831 1596 quis
853 1535 967 1577 eorum
996 1539 1030 1578 sa
1055 1521 1225 1587 subtraxe-

103 1600 148 1666 rit
170 1604 347 1682 componat
374 1597 414 1660 X.
434 1596 534 1658 libras
557 1593 638 1658 auri.
679 1595 757 1678 Quo
781 1599 878 1675 lacto,
907 1607 987 1660 tunc
1012 1601 1131 1672 Fabius
1154 1628 1225 1670 eam

105 1683 257 1746 subarrat
278 1677 413 1758 annulo,
435 1689 468 1742 et
490 1686 563 1761 post
590 1677 734 1740 tradatur
751 1681 875 1742 cartula
902 1679 1085 1746 donationis
1111 1696 1145 1748 ct
1169 1688 1225 1751 do·

107 1767 151 1828 tis
173 1774 207 1827 et
233 1763 351 1845 scripte
371 1761 417 1824 ibi
437 1761 588 1847 legantur
609 1769 642 1823 et
661 1761 864 1826 Senecaadct
883 1763 1056 1848 coniugem
1076 1767 1225 1856 Sempro·

111 1849 202 1910 niam
222 1845 331 1910 Fabio.

553 1975 604 2037 De
631 1973 777 2044 Maudio.

194 2091 289 2158 XXI.
329 2093 400 2155 Hoc
426 2091 513 2153 facto
558 2112 596 2152 ro
617 2091 752 2152 mundio
781 2091 836 2153 det
852 2093 971 2159 Fabius
995 2098 1119 2163 Seneca
1140 2122 1226 2166 cros-

110 2199 187 2240 nam
208 2198 307 2239 uuam
326 2175 488 2237 valentem
546 2171 588 2240 X.
612 2173 733 2236 solidos
761 2184 794 2236 at
821 2178 940 2240 Orator
960 2179 1066 2251 dicat,-
1088 2185 1223 2264 Seneca,

108 2270 146 2322 tu
171 2258 337 2344 perhanc
365 2278 511 2320 crusnam
536 2256 627 2318 mitte
649 2256 708 2318 sub
730 2258 865 2320 mundio
881 2259 966 2323 hane
984 2286 1058 2324 cum
1075 2269 1225 2332 omnibus

107 2343 208 2408 rebus
235 2339 408 2402 mobilibus
437 2348 469 2402 et
489 2338 726 2418 immobilibus,
756 2361 813 2402 sen
839 2341 970 2406 familiis
994 2369 1059 2429 quc
1082 2351 1112 2412 ci
1143 2352 1227 2435 legi..

106 2428 169 2490 bus
196 2425 422 2510 pertiuent'et
449 2421 620 2482 mundium
644 2432 678 2483 et
704 2444 851 2486 crusnam
872 2427 961 2488 trade
990 2430 1029 2491 ad
1058 2435 1225 2516 proprium

107 2507 224 2574 Fabio.
267 2505 461 2585 Quasnam,
488 2513 567 2565 tunc
587 2503 713 2566 ¹Fabius
745 2527 819 2568 cum
848 2507 1040 2594 Sempronia
1060 2537 1118 2578 sua
1139 2539 1224 2580 uxo·-

108 2613 146 2656 re
168 2589 341 2654 lonechild
363 2588 486 2652 Seneoe
507 2586 646 2649 tribuad.

467 2717 517 2778 De
543 2719 722 2780 Donatione
750 2721 869 2791 dulice.

192 2831 308 2901 XXII.
351 2831 447 2896 Carta
472 2832 506 2894 in
533 2841 617 2894 terra
637 2833 753 2914 posita,
779 2846 811 2897 et
835 2859 933 2920 super
954 2838 1136 2920 calamario‚
1158 2847 1227 2908 cul.

110 2917 213 2997 tello,
242 2920 364 2980 festuca
394 2916 531 2994 nodata,
558 2925 741 2993 montone,
770 2917 882 2997 cleba,
913 2941 1001 2981 ramo
1023 2924 1145 2986 arboris
1165 2929 1227 2988 do·

110 3000 203 3064 natio
224 3000 352 3062 Salioha
376 2999 422 3059 ita
449 2998 494 3060 fit.
545 2995 641 3060 Carta
668 3019 743 3058 cum
767 2999 916 3062 omnibus
935 3006 1159 3088 suprascriptis
1180 3028 1229 3070 re·

109 3083 174 3146 bus
195 3103 320 3146 sursum
341 3082 448 3143 levata
470 3081 510 3141 ad
535 3079 688 3143 donatore
710 3090 879 3160 teneatur,
909 3092 942 3143 et
969 3085 1089 3146 Orator
1118 3089 1227 3154 dicata

110 3167 157 3228 ita
184 3186 204 3226 o
224 3166 320 3227 Petra
340 3164 430 3225 trade
457 3183 516 3246 per
540 3161 626 3222 hanc
651 3183 877 3246 pergamenam
902 3174 1020 3228 cartam
1044 3169 1228 3238 donationis

111 3249 175 3316 sub
197 3247 296 3330 dupla
316 3244 506 3308 defensione
528 3245 726 3307 nominative
754 3246 793 3306 de
821 3247 960 3328 quodam
982 3249 1087 3312 fundo
1109 3253 1158 3313 tui
1180 3256 1230 3318 iu·

110 3329 159 3393 ria
188 3330 246 3412 qni
273 3339 321 3392 est
351 3327 384 3388 in
408 3327 593 3388 Tusculano
619 3347 695 3388 rure
722 3349 986 3408 permansuram
1013 3342 1045 3394 et
1066 3335 1227 3400 coheren.

111 3413 175 3476 tias
201 3411 366 3494 designato
390 3419 427 3470 ut
452 3410 507 3470 hic
531 3407 674 3470 breviter
695 3409 850 3492 scriptum
872 3424 922 3476 est
939 3415 979 3476 ad
999 3417 1175 3480 Martinam
1195 3432 1232 3484 nt

110 3496 213 3559 faciat
241 3517 259 3554 a
278 3491 421 3576 presenti
452 3493 504 3554 die
525 3490 738 3574 proprietario
765 3494 897 3556 nominc
923 3496 991 3580 ipse
1014 3508 1070 3559 aut
1091 3499 1229 3570 heredes

111 3577 186 3642 eius
211 3598 248 3638 ac
282 3596 342 3660 pro
366 3573 479 3638 eredes
504 3584 560 3635 aut
586 3573 638 3634 cui
660 3573 722 3656 ipsi
749 3575 900 3639 dederint
925 3579 1087 3663 quidquid
1120 3586 1231 3650 volus.

110 3661 183 3722 rint
209 3659 279 3722 sine
307 3656 397 3719 omni
422 3655 679 3718 contradictione
704 3656 743 3718 de
771 3681 807 3720 re
837 3671 870 3722 et
892 3661 933 3724 de
955 3663 1027 3736 ‚tuis
1053 3663 1229 3733 heredibus

111 3763 151 3806 ac
168 3763 228 3824 pro
248 3740 408 3802 eredibus.
448 3738 609 3822 Equidem
632 3737 770 3820 obligate
797 3763 854 3802 vos
876 3753 972 3828 atque
992 3749 1168 3829 promittite
1189 3753 1229 3814 ab

112 3823 203 3888 omui
226 3818 357 3886 homine
387 3819 574 3884 defensare:
596 3821 685 3905 quod
714 3822 740 3882 si
761 3822 940 3888 defendere
965 3849 1032 3888 non
1057 3835 1228 3912 potueritis

111 3916 171 3968 aut
190 3927 250 3989 per
271 3903 404 3987 aliquod
431 3904 600 3986 ingenium
625 3902 812 3965 subtrahere
840 3909 1011 3972 uolueritis
1036 3920 1116 3974 tunc
1144 3937 1229 3980 com.

110 3987 241 4074 ponatis
265 3987 370 4070 ipsum
395 3985 536 4048 fundum
556 3985 593 4046 in
623 3985 724 4066 duplo
753 3985 836 4047 sicut
862 4011 922 4070 pro
953 4001 1097 4074 tempore
1129 3998 1231 4062 fuerit

111 4070 302 4134 melioratus
321 4078 377 4130 ant
399 4068 539 4130 valuerit
556 4067 614 4128 sub
634 4067 832 4130 estimatione
854 4070 889 4130 in
912 4073 1075 4134 consimili
1099 4077 1173 4142 loco
1196 4093 1231 4146 et

112 4155 251 4237 insuper
274 4172 390 4234 penam
421 4148 640 4234 stipulationis
670 4149 801 4212 nomine
835 4172 899 4233 que
927 4161 976 4215 est
1002 4157 1124 4220 mulcta
1155 4166 1228 4230 auri

112 4234 228 4322 optimi
258 4232 369 4297 uncias
391 4231 448 4297 IV.
473 4232 599 4317 argenti
625 4231 771 4318 pondera
799 4244 882 4315 octo,
903 4257 1000 4321 qnam
1020 4237 1167 4310 inferatis
1185 4249 1228 4312 ad
