2734 4990
185 338 259 414 422
685 350 875 404 ronuumr.

554 488 702 571 Sequitur
727 491 912 574 praestaria.

265 607 381 674 XXVI.
423 605 460 668 lu
487 602 550 668 Dei
577 603 707 664 nomine
738 602 795 666 ille
819 602 908 664 Abba
939 609 971 664 et
996 603 1100 665 omnis
1131 603 1287 690 Congre-

184 695 268 778 gatio
297 694 430 752 fratrum
463 693 644 747 nostrorum
675 695 730 746 aut
756 684 988 746 Monachorum
1021 685 1054 744 in
1083 683 1285 749 Monasterio

181 779 229 840 ill.
249 773 388 838 Domino
409 767 681 843 deservientium,
712 767 745 827 iu
771 765 898 828 Christo
921 765 989 827 filio
1012 765 1079 834 illo.
1119 768 1206 829 Dum
1221 778 1286 832 tua

180 859 244 920 fuit
267 855 380 939 petitio
403 851 454 914 vel
476 848 686 932 supplicatio,
708 858 741 910 et
763 858 870 910 nostra
892 848 1037 911 decrevit
1060 849 1223 930 voluntas,
1245 859 1286 912 ut

171 929 366 1024 'praestitum
385 931 578 996 beneficium
603 931 643 992 de
672 930 768 993 rebus
787 931 902 993 nostris
926 929 986 992 tibi
1015 931 1122 992 facere
1144 933 1285 994 debere-
1362 949 1363 972 l

179 1045 262 1094 mus,
278 1019 368 1104 quod
387 1017 430 1079 ita
451 1023 482 1076 et
502 1013 647 1092 fecimus,
666 1033 748 1096 quae
770 1022 846 1075 sunt
865 1014 899 1073 in
918 1035 999 1098 pago
1024 1013 1070 1075 ill.
1091 1013 1125 1073 in
1147 1015 1283 1076 condita

177 1105 256 1182 illa,
278 1103 312 1164 in
341 1101 413 1162 loeo
434 1095 491 1180 qui
521 1104 652 1159 vocatur
670 1097 727 1175 sio,
752 1117 849 1178 quem
870 1106 906 1157 tu
931 1103 986 1156 ant
1012 1095 1061 1158 ill.
1081 1115 1140 1178 per
1160 1097 1282 1181 episto-

170 1176 242 1248 lam
261 1180 444 1246 donationis
471 1179 490 1239 b
515 1177 568 1239 die
597 1187 765 1262 praesente
794 1179 833 1240 ad
854 1177 917 1238 iam
939 1177 1059 1239 dictum
1082 1178 1279 1240 Mouasteri·

175 1291 231 1330 um
253 1271 397 1328 nostrum
415 1261 463 1322 ill.
483 1259 693 1338 confirmavit,
714 1260 825 1335 idest,
845 1281 990 1322 mansum
1011 1281 1085 1321 cum
1108 1281 1199 1338 casa,
1218 1261 1277 1322 vel

176 1351 253 1411 alias
271 1357 389 1422 terras,
413 1345 468 1407 vel
500 1351 656 1424 quantum
680 1343 748 1425 ipsa
772 1342 907 1425 epistola
932 1341 1099 1404 continere
1130 1342 1276 1421 videtur,

176 1442 213 1494 ut
239 1427 384 1516 quandiu
410 1423 587 1502 advixeris,
619 1425 738 1485 autad
762 1445 792 1484 v.
822 1433 877 1484 aut
903 1447 931 1486 x.
953 1433 1007 1485 aut
1029 1446 1079 1485 xv.
1103 1445 1204 1486 anuos
1226 1426 1277 1508 ip·

173 1536 222 1576 sas
243 1529 305 1574 ‘res
332 1508 487 1571 usualiter
505 1506 624 1568 babere
655 1513 688 1569 et
716 1505 879 1588 possidere
902 1506 955 1570 vel
974 1506 1122 1568 excolere
1144 1507 1275 1585 debeas,

173 1606 205 1656 at
237 1591 321 1654 nihil
346 1589 464 1653 exinde
491 1588 686 1665 minuendi,
721 1597 777 1650 aut
804 1586 985 1665 alienandi,
1016 1588 1069 1649 vel
1096 1587 1276 1652 detrahen-

173 1677 230 1756 di,
263 1683 319 1736 aut
344 1673 378 1732 in
404 1670 496 1756 peius
523 1669 672 1732 vertendi
698 1690 764 1731 non
783 1669 899 1732 habeas
921 1679 1128 1754 potestatem,
1163 1691 1274 1752 neque

170 1753 387 1824 transferendi
412 1754 600 1836 quicquam,
621 1751 756 1834 quodsi
779 1752 907 1830 feceris,
928 1762 983 1814 aut
1002 1753 1036 1811 in
1059 1752 1122 1813 alio
1142 1760 1276 1815 eontra-

169 1843 220 1903 rio
249 1837 373 1901 antini
399 1857 440 1896 uo
467 1833 599 1917 ingenio
631 1833 685 1896 vel
712 1834 933 1896 contrarietate
957 1844 1012 1896 aut
1036 1842 1073 1894 tu
1100 1835 1188 1918 ipse,
1216 1843 1276 1894 aut

171 1921 371 2005 aliquislibet
414 1938 485 1978 omo
507 1917 547 1976 de
568 1915 644 1999 ipsis
664 1917 762 1978 rebus
784 1917 892 1980 adesse
915 1925 969 1978 ant
989 1917 1111 1979 adstare
1137 1925 1274 1979 conatus

167 2005 267 2066 fuerit
297 2003 331 2063 in
360 1998 472 2085 primis
504 1998 586 2080 ipsas
621 2018 673 2059 res
701 1999 823 2060 amittas
859 1998 913 2062 vel
953 1999 1091 2081 perdas,
1134 2009 1167 2060 et
1192 1998 1273 2060 alias

168 2095 272 2147 tantas
299 2084 353 2147 vel
382 2081 463 2144 tales
488 2081 631 2163 partibus
662 2079 724 2164 iam
751 2081 830 2143 dicti
857 2081 1043 2142 Monasterii
1076 2101 1273 2164 componere

168 2179 201 2228 et
221 2166 346 2230 solvere
365 2163 471 2226 facias.
512 2163 554 2223 Et
571 2162 754 2224 censuimus
781 2163 822 2226 de
844 2163 935 2225 annis
957 2162 1093 2246 singulis
1110 2185 1170 2245 pro
1192 2162 1271 2244 ipsis
1362 2197 1363 2232 v

165 2248 264 2311 rebus
285 2248 316 2307 iu
338 2248 421 2306 festo
442 2244 548 2305 Sancti
578 2244 625 2304 ill.
652 2266 758 2306 ceram
773 2254 826 2306 aut
844 2254 1010 2328 argentum
1025 2253 1104 2305 tant.
1124 2245 1270 2327 partibus
1362 2279 1363 2294 κ

145 2397 147 2404 ¹
167 2331 267 2413 ipsius
289 2325 475 2390 Monasterii
499 2327 624 2389 solvere
640 2326 746 2392 iacias.
787 2327 878 2390 Etsi
900 2327 939 2388 de
960 2327 1029 2409 ipso
1044 2348 1143 2388 censu
1161 2325 1271 2408 negli-

167 2433 246 2494 gens
272 2409 384 2484 fueris,
405 2408 509 2490 ipsum
533 2407 667 2489 duplum
690 2409 826 2481 reddas;
848 2418 881 2471 et
901 2406 981 2470 haec
1003 2409 1175 2492 praestaria
1191 2429 1270 2470 nos-

165 2504 215 2553 tra
241 2513 342 2575 usque
367 2489 407 2550 ad
435 2511 509 2550 eum
534 2490 688 2575 placitum
711 2489 801 2552 firma
822 2499 1025 2576 permaneat,
1059 2489 1268 2576 stipulatione

166 2575 313 2641 subnixa.
354 2572 433 2634 Acta
451 2571 507 2633 ibi.
548 2573 591 2634 Et
614 2572 749 2656 reliqua.

567 2676 662 2736 'Alia
687 2680 842 2759 precaria.

247 2778 391 2848 XXVII.
431 2781 571 2845 Domino
608 2792 717 2846 saneto
746 2794 779 2846 et
808 2786 981 2868 apostolica
1014 2784 1089 2848 sede
1129 2783 1268 2846 colendo

95 2868 97 2872 ’
163 2869 291 2928 Damno
313 2874 345 2928 et
367 2865 400 2926 in
429 2865 556 2928 Christo
578 2864 662 2948 patri
686 2865 733 2926 ill.
754 2889 812 2949 ego
834 2869 882 2928 ill.
906 2877 938 2928 et
964 2869 1084 2929 coniux
1111 2888 1179 2927 mea
1199 2864 1269 2930 illu.

163 2947 318 3012 Pluribus
343 2968 408 3009 non
437 2957 484 3009 est
509 2946 708 3029 incognitum
738 2950 878 3030 qualiter
898 2960 1029 3033 propter
1058 2969 1174 3010 nomeu
1198 2948 1270 3008 Do-

166 3030 247 3092 mini
271 3030 312 3092 ad
340 3029 519 3092 Ecclesium
539 3029 630 3092 illam
655 3030 689 3091 iu
719 3029 877 3092 honorem
901 3029 1011 3094 Sancti
1040 3032 1130 3092 illius
1155 3030 1271 3093 villam

164 3121 305 3174 nostram
327 3121 549 3194 ‘nuncupatam
576 3110 637 3177 ill·
654 3112 746 3174 sitam
776 3115 810 3173 iu
840 3134 920 3196 pago
950 3114 998 3174 ill.
1014 3133 1073 3196 per
1100 3113 1268 3197 epistolam

164 3193 317 3257 cessionis
338 3194 400 3257 visi
425 3194 545 3256 suimus
570 3194 783 3272 concessisse,
808 3197 904 3256 etiam
931 3217 985 3258 vos
1016 3195 1056 3255 ad
1082 3205 1187 3278 partes
1213 3213 1267 3254 su-

161 3276 356 3360 prascriptae
375 3277 538 3338 Ecclesiae
560 3276 729 3357 recepisse.
770 3275 835 3338 Sed
853 3278 930 3338 dum
948 3286 1056 3360 postea
1075 3287 1182 3339 nostra
1201 3274 1266 3336 fuit

160 3358 287 3441 petitio,
309 3366 342 3419 et
362 3368 464 3421 vestra
486 3357 714 3419 benevolentia
739 3366 770 3420 et
794 3359 907 3441 pietas,
927 3361 1026 3442 ipsam
1049 3358 1171 3437 villam,
1186 3359 1264 3418 dum

161 3439 351 3511 advivimus,
367 3449 420 3502 aut
434 3439 491 3523 qui
511 3447 600 3522 parte
621 3461 677 3500 sua
700 3461 739 3502 ex
763 3441 855 3502 nobis
872 3450 1031 3524 superstes
1052 3441 1163 3518 fuerit,
1185 3440 1265 3502 dum

161 3521 303 3599 advivit,
333 3521 426 3583 nobis
458 3521 498 3582 ad
529 3521 723 3584 beneficium
753 3524 991 3585 usufructuario
1022 3522 1136 3585 ordine
1165 3543 1266 3585 exeo·
1333 3529 1359 3560 Ὺ

160 3603 292 3664 leudam
310 3613 422 3666 tenere
445 3603 644 3685 permisistis,
667 3625 705 3665 ea
731 3606 856 3666 scilicet
870 3607 992 3667 ratione
1013 3614 1050 3665 ut
1069 3604 1152 3665 nihil
1175 3603 1266 3666 oxin-

161 3684 201 3744 de
222 3685 357 3768 penitus·
372 3686 411 3746 de
433 3684 578 3768 qualibet
598 3708 634 3748 re
662 3687 825 3748 alienandi
850 3695 904 3748 aut
932 3687 1103 3749 minuendi
1130 3686 1266 3770 pontili-

161 3765 248 3827 eium
277 3786 341 3828 non
375 3766 570 3846 habeamus,
607 3769 663 3831 sed
689 3770 806 3852 absque
837 3771 906 3830 ullo
928 3768 1127 3852 praeiudicio
1150 3790 1265 3851 supra·
1357 3845 1358 3852 ἵ

158 3847 296 3932 scriptae
316 3848 480 3912 Ecclesiae
504 3849 556 3910 vel
580 3860 685 3912 vestro
706 3875 774 3913 eam
793 3853 1013 3913 tautummodo
1037 3852 1185 3913 excolere
1210 3851 1266 3911 de·
1357 3865 1358 3904 l

158 3931 307 4009 beamus,
342 3931 415 3992 ideo
440 3931 523 3991 hano
557 3933 734 4014 precariam
764 3933 854 3998 vobis
883 3935 1075 4011 emittimus,
1109 3942 1147 3993 ut
1169 3931 1262 3992 nullo

158 4035 301 4096 unquam
327 4023 470 4097 tempore
491 4024 597 4091 nostra
618 4016 782 4096 possessio,
806 4015 929 4078 etiamsi
950 4017 1085 4099 spatium
1106 4016 1191 4078 vitae
1206 4034 1262 4072 no·

155 4095 205 4156 bis
231 4095 388 4156 Dominus
415 4097 678 4180 prolongaverit,
712 4099 840 4159 nullum
862 4099 1096 4178 praeiudicium
1124 4106 1178 4156 aut
1214 4095 1261 4154 di-
1356 4177 1357 4184 ἵ

67 4210 73 4222 ,
156 4177 372 4239 minutionem
393 4179 533 4262 aliquam
560 4181 599 4240 de
622 4180 689 4260 ipsa
711 4182 787 4242 villa
815 4183 903 4243 vobis
931 4201 1084 4262 generare
1113 4201 1178 4241 non
1202 4177 1259 4237 de-

156 4258 229 4320 beat
243 4285 250 4332 5
283 4261 345 4324 nisi
371 4283 430 4324 usu
458 4263 696 4342 tantumdem
727 4264 914 4344 advivimus,
940 4263 1057 4328 habere
1080 4261 1259 4326 debeamus.
