2734 4990
538 297 756 352 natuturae·
1126 279 1198 356 tot

63 461 158 521 gua.
212 439 265 499 De
299 447 458 498 caeterum
483 437 700 518 supplicamus
729 434 829 517 gratia
861 445 963 498 vestra
991 449 1028 502 ut
1057 465 1116 524 pro
1148 464 1199 506 me

62 530 259 604 peccatore
287 523 320 580 in
359 521 471 581 vestris
503 520 619 580 sanctis
659 517 858 580 orationibus
893 520 1095 586 intercedere
1132 526 1202 608 dig-

67 606 186 666 neris.
230 605 272 663 Et
294 605 419 678 iterum,
442 602 597 678 Domine,
627 600 845 682 supplicamus
869 616 1041 685 cognoseat
1076 608 1200 672 almitas

67 696 192 748 vestra
221 687 278 746 iste
315 707 464 768 praesens
500 684 595 744 bomo
626 695 735 744 noster
762 683 905 744 serviens
942 697 1050 749 vester
1080 711 1199 752 nornen

74 769 149 830 ille
171 790 221 830 res
244 790 314 829 suas
335 769 419 828 malo
438 766 553 828 ordine
574 776 645 848 post
668 788 700 826 se
722 766 883 827 retinebat
903 765 1034 846 iniuste,
1057 781 1089 832 et
1109 775 1200 836 nulla

75 851 211 913 iustitia
232 852 316 932 apud
334 853 403 933 ipso
426 849 544 912 exinde
562 870 760 930 consequere
781 848 891 930 possit.
932 850 1108 934 Propterea
1124 878 1199 938 pre·

76 955 201 994 camur
221 933 310 994 vohis
340 943 379 992 nt
398 933 483 994 hano
511 953 638 992 eausam
665 932 841 1011 diligenter
863 930 1030 1013 inquirere
1047 936 1199 1010 iubeatis;

81 1027 126 1076 ut
147 1017 228 1076 sicut
249 1025 353 1093 vestra
373 1016 460 1077 bona'
482 1022 530 1075 est
557 1017 769 1090 consuetudo,
792 1013 859 1093 ipse
887 1013 984 1076 homo
1004 1025 1115 1080 noster
1136 1042 1201 1082 ser·

78 1100 180 1160 viens
207 1110 315 1158 vester
347 1100 417 1159 siue
447 1097 514 1157 ulla
540 1097 727 1157 dilatatione
757 1095 797 1155 ad
826 1117 916 1156 snam
938 1097 1057 1160 exinde
1085 1101 1200 1164 debeat

76 1180 258 1263 pervenire
284 1181 455 1256 iustitiam,
478 1189 510 1240 et
526 1177 588 1239 sibi
608 1179 809 1260 congaudeat
823 1179 912 1259 quod
928 1190 1073 1243 'noemam
1088 1185 1128 1246 ad
1143 1207 1201 1248 vos

74 1266 284 1346 deportasset
308 1263 555 1347 suggestionem,
578 1270 612 1321 et
632 1283 691 1322 nos
720 1260 811 1323 vobis
839 1260 954 1342 gratias
978 1286 1116 1347 agamus.
1158 1268 1202 1330 Et

73 1347 106 1408 si
130 1347 223 1406 loeus
250 1345 431 1424 advenerit,
454 1365 511 1406 vos
536 1343 589 1404 vel
613 1345 792 1405 servientes
814 1353 936 1406 vestros
956 1345 990 1406 in
1016 1346 1111 1410 bonis
1130 1373 1202 1434 par·

72 1428 171 1490 tibus
191 1428 347 1489 remerire
375 1449 441 1488 non
463 1425 633 1487 tardamus.
655 1427 705 1486 Ad
729 1425 966 1508 sapientissimo
990 1428 1119 1492 sufficit.
1141 1433 1200 1494 Sa-

75 1513 225 1572 lutamus
250 1511 342 1573 vobis
365 1510 440 1572 satis
463 1517 497 1568 et
514 1529 612 1590 snper
639 1510 746 1568 omnia
770 1509 844 1571 satis
864 1530 966 1592 usque
987 1514 1026 1576 ad
1048 1513 1201 1598 gandium

76 1615 250 1682 magnum.

418 1727 421 1734 '
493 1717 655 1778 Indiculus
676 1719 800 1798 regalis,

175 1835 217 1902 V.
258 1832 404 1896 Dominis
424 1832 558 1894 'sanctis
588 1841 620 1892 et
651 1833 683 1892 in
715 1831 844 1896 Christo
877 1835 1023 1916 patribus
1057 1840 1202 1903 omnibu,

82 1910 279 2003 Episcopis,
310 1939 367 1978 sen
392 1925 423 1976 et
444 1914 682 1976 venerabilibus
710 1915 859 1978 cornibus
887 1917 1079 1998 Abbatibus,
1105 1932 1203 2020 atque

81 2003 271 2066 illustribus
282 2000 380 2074 Viris,
403 2018 460 2060 sen
484 2007 517 2057 et
538 1997 615 2058 viria
636 1997 810 2078 magnilicis
828 2000 1031 2081 Domesticia,
1054 2003 1204 2082 Vicarris,

82 2083 306 2160 Centenariis,
326 2081 420 2144 etiam
435 2080 525 2162 quod
539 2079 643 2140 omnis
662 2101 733 2162 pars
754 2090 786 2140 et
800 2082 918 2144 amicos
940 2096 1066 2148 nostros
1085 2110 1144 2150 seu
1171 2099 1205 2150 et

79 2169 205 2230 Missus
226 2175 350 2226 nostma
365 2162 589 2237 discurrentis,
610 2161 668 2222 ille
688 2163 755 2222 Rex
774 2164 977 2225 Francorum
987 2168 1039 2230 vir
1055 2169 1203 2236 inluster.

82 2248 298 2332 cognoscatis
325 2249 383 2308 iste
404 2265 555 2328 praesens
580 2244 637 2306 ille
668 2245 706 2303 ad
730 2267 787 2306 nos
814 2247 905 2309 venit
924 2257 957 2310 et
979 2261 1086 2313 nostra
1111 2275 1201 2314 eorn-

81 2333 297 2393 mendatione
323 2326 481 2410 expetivit
503 2326 644 2395 habere;
678 2336 708 2388 et
736 2350 794 2389 nos
824 2329 893 2411 ipso
921 2343 1065 2414 gratante
1092 2338 1201 2396 animo

81 2416 270 2498 recepimus
302 2413 356 2474 vel
384 2420 577 2472 retenemus.
628 2411 805 2490 Propterea
831 2413 963 2475 omnino
990 2415 1081 2480 vobis
1107 2440 1203 2504 roga·

81 2519 159 2559 mus
181 2509 276 2579 atque
298 2495 445 2554 iubemus
465 2483 621 2574 nt'neque
640 2514 696 2554 vos
712 2513 819 2574 neque
843 2495 986 2560 iuniores
1007 2519 1115 2582 neque
1132 2523 1203 2565 snc-

84 2601 229 2643 cessores
256 2576 354 2640 vestri
376 2576 447 2657 ipso
467 2574 520 2636 vel
538 2573 686 2636 bomines
706 2596 792 2652 suos,
814 2579 870 2659 qui
890 2600 951 2661 per
973 2580 1042 2664 ipso
1065 2583 1202 2666 legitimi

81 2683 216 2745 sperare
238 2661 401 2735 videntur,
424 2656 619 2739 inquietare,
641 2678 702 2717 nec
724 2659 938 2723 condemnare
952 2684 1013 2725 nee
1040 2664 1080 2728 de
1105 2667 1202 2729 rebus

88 2745 156 2807 auis
181 2745 215 2804 in
243 2743 336 2803 nullo
358 2739 561 2815 abstrahere,
593 2760 653 2800 nec
680 2739 737 2800 diu
766 2762 825 2802 uec
855 2753 948 2806 noete
979 2767 1045 2806 non
1068 2771 1201 2832 praesu-

90 2826 195 2903 matis,
217 2847 278 2887 nec
304 2827 411 2886 faeere
431 2821 631 2906 permittatis.
673 2824 716 2884 Et
736 2823 761 2883 si
787 2826 859 2888 talis
877 2847 971 2888 eausa
993 2828 1145 2893 adversus
1163 2854 1201 2895 ρο

89 2907 268 2970 surrexerit
288 2918 324 2967 ut
347 2917 395 2968 ost
414 2941 454 2952 --
474 2940 517 2952 -
537 2903 638 2965 fuerit
661 2915 694 2967 et
716 2906 836 2966 ibidem
856 2908 1037 2990 adimpletis
1055 2935 1110 2974 vos
1129 2914 1203 2976 ahs.

86 3012 157 3074 que
184 3012 296 3050 eorum
317 2990 350 3048 in
373 3010 437 3072 quo
460 2987 629 3070 dispendio
649 2987 781 3048 minime
801 2987 948 3050 definitas
965 2991 1099 3072 fuerint,
1114 2997 1204 3076 quod

89 3081 168 3133 ante
183 3093 240 3133 nos
254 3093 397 3154 separare
418 3072 470 3132 vel
487 3078 672 3146 reservatas,
695 3081 728 3130 et
752 3071 825 3131 talis
842 3092 935 3132 causa
949 3080 1023 3132 ante
1047 3095 1106 3137 nos
1127 3075 1203 3136 fini-

89 3156 189 3216 tivam
210 3155 370 3234 accipiant
392 3152 590 3214 senteutiam.
640 3153 684 3212 Et
713 3162 748 3213 nt
774 3153 894 3214 certius
921 3153 1079 3234 credatis,
1107 3180 1204 3221 mann

87 3247 198 3299 nostra
219 3238 331 3299 subter
350 3235 602 3312 adfirmavimus,
624 3244 656 3296 et
681 3235 721 3296 de
749 3244 857 3296 nostro
876 3235 972 3297 anolo
999 3237 1195 3321 sigilavimus

364 3365 545 3428 Indiculum
568 3365 729 3426 deservis
743 3364 914 3446 sagacibus

82 3526 87 3532 -
170 3481 228 3543 Vl.
270 3481 398 3543 Dilecta
425 3481 498 3557 Dei,
521 3481 643 3562 Sponsa
669 3478 801 3556 Christi,
824 3483 909 3543 secia
934 3497 1115 3551 sanctarum
1135 3491 1203 3554 vir.

84 3563 201 3646 ginum
225 3566 340 3625 merito
360 3563 587 3646 coaequanda,
620 3561 765 3624 inlustris
791 3566 861 3626 Deo
887 3580 1007 3631 saerata
1033 3573 1100 3652 illa,
1131 3575 1200 3640 ille.

82 3650 177 3708 Deus
203 3647 262 3709 seit
281 3647 316 3706 in
344 3655 503 3730 qnantum
532 3646 623 3706 valeo
645 3646 678 3703 in
707 3646 854 3712 omnibus
881 3650 915 3709 in
944 3653 1071 3716 Christo
1092 3680 1200 3722 amore

85 3727 210 3790 amiens
234 3740 267 3791 et
292 3731 376 3790 bene
399 3729 534 3811 cupiens
568 3738 673 3789 vester
699 3728 784 3789 illud
806 3731 999 3814 imprimitus
1025 3743 1113 3822 quod
1129 3744 1202 3828 plu.

83 3813 168 3871 rima
194 3822 269 3874 sunt
298 3812 435 3874 salutem
462 3812 498 3891 in
525 3810 665 3871 Domino
695 3820 839 3893 optamus
867 3817 956 3878 vobis
984 3820 1017 3880 in
1043 3837 1201 3905 quantum

85 3902 176 3954 totus
202 3895 341 3956 mundus
362 3896 467 3976 fulget
487 3889 667 3988 ingloria,
690 3904 743 3956 aut
775 3896 801 3955 si
831 3896 900 3956 fieri
931 3885 1088 3982 potuisset
1113 3907 1200 3990 quod

86 3984 156 4035 tota
176 3977 319 4037 membra
348 3977 520 4038 vertissent
545 3997 578 4035 ιιι
603 3975 723 4058 lingua.
764 3978 813 4038 De
841 3989 1004 4044 caeterum
1031 4003 1202 4070 cognoscat

87 4057 210 4118 dilecta
233 4061 348 4121 caritas
376 4069 494 4136 vestra,
517 4058 599 4120 sicut
627 4060 719 4121 nobis
741 4060 863 4121 dictum
884 4063 956 4140 fuit,
980 4089 1018 4127 eo
1040 4072 1128 4214 (gland
1144 4073 1201 4136 ho.

89 4141 195 4202 mines
229 4143 346 4204 vestri·
360 4141 549 4224 confugium
569 4143 729 4218 fecerunt,
751 4152 784 4203 et
804 4163 861 4206 nos
882 4147 1039 4229 auditum⁸
1073 4155 1201 4222 abemus

90 4223 147 4283 ubi
176 4243 243 4288 esse
275 4225 424 4291 debeant.
474 4225 649 4309 Propterea
682 4224 789 4310 apices
814 4235 939 4294 nostros
965 4233 1054 4300 vobis
1078 4237 1200 4304 direxi.
