2676 4976
542 327 736 381 atsartcat
1116 306 1189 378 ⁵59

92 467 148 530 tim.
188 463 232 530 Et
251 465 333 537 liaeo
355 465 483 548 quidem
506 463 539 524 iu
561 488 730 528 commune
756 466 794 527 de
819 465 962 528 clericis.
1003 451 1189 530 De'Monaa

90 553 172 626 eliis,
193 549 269 609 licet
291 548 351 630 ipsi
380 547 516 607 interae
544 549 656 608 maiori
685 549 820 631 flagrent
847 549 921 610 odio
950 569 1045 632 quarn
1067 550 1187 612 Clerici

91 644 122 694 et
140 631 239 707 Latet,
270 629 458 712 specialiter
479 629 518 692 de
539 631 704 692 blonacbis
735 630 926 706 dicendum,
956 631 1031 712 quia
1053 632 1189 694 nimium

90 715 231 776 indecens
254 723 302 774 est
323 723 359 772 et
379 711 609 792 incongruum,
639 724 676 774 nt
692 712 757 794 quil
770 713 812 771 ita
834 713 965 774 vestitus
990 722 1037 774 est
1061 714 1186 796 aliquid

92 797 222 858 seculare
247 794 429 856 desideret:
459 793 534 874 quia
565 796 721 878 quicquid
751 793 909 856 seculares
935 795 1080 858 homines
1109 796 1186 858 dili-

92 887 181 960 gunt,
199 875 335 938 cucullis
358 875 527 956 indignum
549 875 692 938 iudicant
712 886 744 938 et
761 877 972 949 contrarium
996 899 1055 938 nee
1075 879 1188 940 imme-

90 964 167 1037 rito,
192 960 263 1040 quia
285 959 347 1040 qui
373 969 497 1019 vestem
512 955 817 1020 «abrenuntiationis
849 979 945 1039 quam
970 960 1003 1018 in
1031 961 1187 1044 baptismo

91 1044 216 1126 suscepit
238 1041 363 1122 iugiter
380 1049 508 1124 portare
527 1042 710 1118 consuevit,
733 1040 853 1101 mundo
874 1063 907 1102 se
926 1051 1085 1103 mortuum
1106 1063 1187 1104 con-

91 1127 170 1186 tinue
192 1122 378 1184 meminisse
400 1122 537 1183 debebit.
578 1123 726 1184 Delibato
752 1144 806 1184 ore
822 1123 1090 1208 qualitercunque
1113 1147 1187 1186 can-

88 1207 229 1282 tavimus,
252 1205 375 1265 ludum
395 1204 429 1263 in
450 1205 603 1265 eiulatum
625 1213 750 1267 vertere
773 1205 942 1284 hahemus,
965 1227 1040 1288 quia
1065 1207 1186 1269 Clerici

86 1299 115 1350 et
134 1287 281 1348 Monachi
308 1285 441 1364 habitu,
463 1308 528 1368 quo
553 1288 674 1348 mundo
703 1309 736 1348 se
761 1286 949 1348 renuntiare
975 1290 1183 1369 promittunt,

83 1369 185 1430 mundi
208 1369 297 1430 curis
324 1379 358 1430 et
382 1369 534 1451 negotiis,
564 1369 660 1430 immo
676 1369 837 1432 illecebris
860 1369 1042 1431 omnimodo
1061 1393 1094 1432 se
1122 1372 1183 1432 im-

83 1449 194 1535 plicare
207 1451 424 1513 contendunt.
451 1451 717 1513 -Lamentationis
735 1451 864 1534 ignarus
878 1453 968 1512 mitto
984 1460 1014 1514 te
1031 1453 1072 1514 ad
1085 1454 1183 1516 libros

83 1533 262 1616 Hieronymi
284 1534 327 1593 ad
347 1533 520 1593 Sabiauum
538 1533 732 1612 Diaconum,
757 1541 788 1594 et
815 1533 945 1596 loannis
966 1532 1184 1618 Chrysostomi

83 1618 119 1678 ad
138 1615 342 1676 stelechium
361 1617 564 1676 Monachum.
956 1659 959 1666 .

156 1699 246 1760 XVl.
269 1697 413 1760 Domino
426 1697 739 1760 Praecellentissimo
753 1703 785 1760 et
799 1696 879 1778 Regi
896 1697 1131 1762 Gloriosissimo
1144 1698 1184 1761 N.

82 1779 227 1862 indignus
247 1780 429 1861 Episcopus
447 1791 479 1840 et
492 1781 596 1843 fidelis
620 1781 759 1842 famulus
781 1789 887 1840 vester
906 1781 943 1846 N.
960 1779 1184 1843 Clementissi-

83 1884 127 1922 ma
146 1862 322 1923 dominatio
341 1869 446 1923 vestre
466 1863 547 1924 scire
562 1863 729 1946 dignetur,
745 1860 827 1944 qnia
848 1863 937 1943 qnod
957 1882 1016 1943 ego
1036 1862 1183 1926 tantillo·

82 1944 242 2004 homuntio
262 1944 304 2006 ad
333 1957 540 2026 conspectum
568 1945 749 2006 serenitatis
776 1955 898 2006 vestrae
925 1945 1014 2006 iuxta
1028 1965 1184 2087 praecep·

83 2035 146 2086 tum
166 2025 407 2090 Dominationis
439 2037 561 2089 restrae
595 2048 660 2086 non
696 2026 791 2105 reni,
826 2027 962 2088 maxima
989 2028 1023 2102 in
1049 2027 1180 2089 rmitate

84 2109 242 2186 detentus,
265 2109 442 2170 iussionem
461 2121 597 2174 vestram
621 2108 755 2192 implere
778 2129 842 2168 non
863 2109 964 2190 potui.
1009 2110 1104 2171 Nunc
1123 2131 1183 2169 au-

83 2198 141 2251 tem
167 2189 363 2274 suppliciter
385 2191 534 2270 obsecro,
557 2201 594 2252 ut
620 2191 654 2251 in
684 2191 746 2252 hoc
770 2189 1022 2252 misericordiam
1044 2201 1182 2253 vestram

83 2293 171 2366 super
186 2295 235 2334 me
257 2294 490 2354 recognoscere
505 2274 641 2357 possim,
663 2274 689 2335 si
708 2293 766 2356 per
776 2273 865 2334 hunc
883 2275 1037 2357 Legatum
1050 2273 1181 2356 pusilli·

83 2363 131 2412 tati
150 2377 238 2416 meae
267 2354 465 2436 dignamini,
494 2357 624 2438 quando
643 2377 717 2418 cum
739 2354 839 2438 gratia
856 2356 936 2432 Dei,
967 2357 1101 2418 sanitate
1130 2377 1181 2416 re·

83 2439 242 2518 caperata,
266 2438 310 2498 ad
325 2437 489 2498 servitium
502 2447 641 2500 vestrum
658 2458 828 2521 properare
849 2437 999 2500 debeam:
1021 2439 1097 2522 qnia
1109 2445 1181 2521 post

82 2518 218 2579 timorem
242 2519 429 2580 Conditoris
450 2519 513 2581 mei
525 2564 535 2596 ‚
561 2529 628 2580 tota
647 2519 782 2581 intentio
802 2540 872 2580 mea
891 2520 925 2580 in
951 2519 1014 2583 hoc
1034 2523 1180 2587 laborare

82 2599 208 2676 debeat,
231 2609 268 2662 et
292 2602 469 2679 desiderat,
496 2611 531 2662 nt
556 2604 759 2664 serenitatem
783 2609 920 2663 vestram
945 2604 1031 2666 circa
1050 2623 1101 2666 mc
1126 2621 1181 2664 se-

82 2703 180 2742 renam
207 2683 360 2745 invenire
386 2705 520 2744 merear.
561 2684 652 2746 Sicut
672 2694 778 2746 antem
800 2683 833 2744 in
861 2684 973 2748 diebus
1000 2685 1070 2748 istis
1095 2682 1181 2746 nihil

83 2765 238 2827 exterioris
257 2766 364 2848 operis
378 2787 529 2829 exercerc
549 2774 580 2829 et
596 2768 715 2850 negotii
731 2765 884 2828 secularis
896 2779 951 2828 aut
970 2765 1180 2831 ecclesiastici

84 2867 243 2938 procurare
271 2847 385 2929 potui,
408 2847 579 2911 ita·totum
603 2850 641 2910 ad
666 2853 771 2910 Deum
797 2857 903 2910 mente
925 2870 1099 2911 conversus
1120 2868 1180 2931 pro

84 2929 296 2991 incolumitate
311 2937 413 2991 restra
425 2939 455 2991 et
475 2931 619 3012 coniugis
633 2942 664 2992 et
683 2932 840 3006 filiorum,
863 2951 898 2990 ao
911 2954 969 3013 pro
985 2939 1066 2994 statu
1075 2929 1181 3012 lingui

85 3011 171 3070 vestri
186 3013 249 3074 Dei
272 3009 521 3073 misericordiam
542 3014 713 3096 implorare
735 3035 800 3074 non
823 3012 954 3072 cessari.
996 3015 1096 3073 Parra
1113 3014 1182 3072 Xe·

87 3091 184 3168 uiola,
205 3095 265 3156 sed
281 3094 465 3176 peregrina,
487 3117 545 3156 seu
563 3093 790 3171 transmarina,
812 3114 893 3176 quae
917 3093 1013 3154 modo
1030 3093 1070 3153 ad
1085 3092 1181 3154 obsc-

85 3173 186 3251 qnium
201 3187 346 3239 vestrum
363 3175 512 3257 pietatem
530 3177 678 3239 Divinam
695 3177 775 3236 mihi
798 3175 893 3237 credo
915 3174 1086 3250 direxisse,
1109 3174 1180 3236 Aa·

87 3265 183 3334 gastae
202 3258 424 3324 Dominationi
444 3269 565 3320 vestrae
587 3259 695 3320 curari
720 3258 889 3320 destinare.
929 3257 1069 3320 Pallium
1090 3257 1177 3318 colo·

85 3335 123 3397 ris
137 3339 277 3418 Prasiai,
300 3349 331 3401 et
344 3340 435 3401 aliud
443 3342 651 3420 Polimetum,
673 3340 811 3425 spatulas
825 3339 1006 3400 Palmarum
1020 3361 1093 3399 eum
1111 3339 1179 3402 suis

86 3417 253 3500 fructibus,
274 3423 476 3506 Cynamomi,
499 3423 694 3506 Calaugani,
716 3422 881 3501 Cariofili,
904 3421 1044 3484 Masticis
1072 3429 1104 3482 et
1123 3421 1181 3484 Pi·

86 3502 161 3639 geris
187 3505 394 3582 fasciculum,
423 3504 548 3568 Caricas
573 3507 723 3583 ficorum,
754 3507 988 3587 Malogranata,
1018 3504 1179 3568 Pectinen

112 3581 316 3666 lelantinum,
339 3587 559 3666 Vermiculos,
589 3589 740 3662 Cicadas,
770 3589 853 3651 Aves
881 3588 1041 3665 Psitacos,
1072 3589 1181 3650 Meru-

88 3660 144 3724 lam
163 3670 283 3745 albnm,
311 3680 343 3730 et
361 3669 577 3752 longissimam
596 3670 720 3754 spinam
742 3673 781 3732 de
801 3671 887 3754 pisce
911 3671 1044 3730 marino.
1087 3671 1183 3732 Sere·

89 3746 236 3811 uissimam
253 3751 484 3813 Celsit'ndinem
499 3763 631 3815 vestram
651 3755 690 3815 ad
711 3753 876 3815 munimen
894 3751 1056 3814 Ecclesiae
1074 3752 1176 3813 omni-

90 3835 214 3908 potentis
236 3834 296 3895 Dei
319 3834 536 3896 misericordia
558 3835 614 3896 diu
635 3857 821 3898 conservare
841 3835 1000 3916 dignetur.

159 3914 262 3982 XVII.
284 3916 448 3976 Summum
475 3919 606 3999 gradum
633 3917 666 3976 in
692 3918 839 3980 Ecclesia
867 3939 987 3978 summa
1010 3916 1178 3978 sanctitate

91 3998 249 4068 promerito
267 3999 354 4059 Patri
376 4007 407 4059 et
428 3999 588 4061 Provisori
605 4003 730 4066 meoN.
746 4000 877 4060 humilis
892 3998 1116 4078 suffraganeus
1145 4005 1179 4060 ct

92 4073 182 4140 idelis
195 4081 375 4142 obserrator
392 4091 513 4159 vester,
534 4101 572 4143 a·
591 4083 724 4144 devotus
743 4081 887 4142 Sarritor
903 4081 940 4146 N.
962 4080 1051 4141 illius
1066 4078 1179 4141 Eccle-

91 4156 144 4220 siae
156 4163 264 4224 Pastor
275 4163 439 4247 indignus.
469 4165 684 4226 Scrutatorem
703 4164 849 4225 cordium
869 4161 982 4223 in'stem
1007 4160 1121 4223 invoco
1142 4160 1175 4222 in

93 4238 216 4313 inimum
235 4265 354 4322 meam,
378 4267 477 4338 quam
494 4246 618 4317 invitm
637 4255 673 4312 et·
694 4255 820 4339 coaetus
841 4243 964 4334 aliquid
983 4243 1122 4326 sinistri,
1144 4251 1176 4311 et

1327 4265 1328 4332 l

1327 4335 1328 4370 t

1325 4379 1328 4430 l
