2734 4990
172 229 248 308 ddi
638 245 833 302 tonnulae

171 387 300 477 largire,
324 409 383 452 nec
411 387 449 448 ad
473 387 611 470 pretium
642 408 702 449 nee
727 385 848 448 donum
873 405 938 446 non
967 386 1116 468 cupimus
1142 385 1212 448 tale
1233 407 1275 446 an

172 497 269 538 nona.
310 473 461 534 Fecimus
488 469 563 530 inde
591 479 794 545 cementum,
826 467 852 530 si
882 468 1032 530 dominus
1058 470 1200 531 imbolat
1230 469 1295 530 for-

172 568 328 634 mentum,
350 557 368 616 a'a
394 549 470 616 soris
495 553 597 636 turpis
619 561 666 614 est
689 561 812 626 crusta,
835 551 874 610 ab
897 551 984 613 intus
1007 552 1089 634 miga
1124 552 1230 614 nimis
1249 562 1295 614 est

171 649 275 714 fusca,
298 657 406 720 aspera
431 643 477 696 est
504 635 536 693 in
563 635 680 716 palato,
702 657 806 696 amora
832 641 864 695 et
884 635 1002 696 foetius
1025 636 1194 713 adoratus,
1216 637 1297 694 mix-

175 738 207 788 ta
231 733 323 784 vetus
348 718 434 802 apud
456 717 586 778 novella
611 719 734 779 t'aciunt
763 716 838 779 iude
870 716 975 778 oblata
1000 739 1063 778 oon
1087 717 1182 780 bella
1208 739 1296 778 sem-

173 829 232 890 per
258 805 375 866 babeas
393 809 516 883 gratum
548 799 605 881 qui
627 809 690 860 tam
714 801 801 883 larga
829 821 926 861 manu
952 800 1084 861 voluisti
1117 801 1295 874 donatum,

178 893 253 952 dum
276 891 363 948 Deus
390 890 496 943 servat
521 891 575 942 tuo
606 891 777 964 potestate,
817 881 849 940 in
884 904 947 965 qua
982 883 1199 966 eognovimus
1232 894 1296 943 tam

175 972 297 1058 'grande
326 965 487 1046 largitatis.
529 966 595 1028 Vos
619 965 741 1026 vidistis
758 966 791 1025 in
817 966 911 1026 slomo
933 966 1021 1046 quod
1042 965 1081 1026 de
1105 967 1198 1025 fame
1235 989 1296 1026 no·

175 1057 298 1116 'hiscum
324 1049 487 1113 morimur.
529 1049 643 1124 Homo,
665 1049 738 1110 satia
761 1059 794 1110 te
818 1067 987 1128 praesumo
1010 1048 1163 1126 salutare,
1189 1057 1227 1110 et
1247 1071 1296 1109 ro·

177 1161 217 1222 go
240 1144 277 1196 ut
300 1154 358 1216 pro
382 1131 474 1191 nobis
495 1129 633 1213 dignetis
663 1149 765 1197 orare.
806 1130 1055 1192 'transmisimus
1079 1131 1141 1191 tibi
1164 1131 1211 1192 de
1236 1133 1294 1191 illo

178 1240 270 1302 pane.
313 1213 451 1275 Probato
487 1212 513 1274 si
549 1213 625 1274 inde
656 1213 740 1294 potis
772 1213 976 1274 manducare.
1025 1213 1185 1291 Quaudiu
1217 1215 1295 1274 vivi-

177 1299 249 1362 mus
271 1261 367 1384 pisina
390 1297 504 1357 liberat
528 1317 584 1356 nos
605 1297 692 1356 Deus
713 1296 752 1357 de
770 1297 833 1355 tale
852 1316 943 1375 pane.
987 1293 1211 1378 Congregatio
1233 1321 1293 1379 pu-

177 1386 277 1446 ellare
310 1391 417 1440 sancta
439 1380 559 1439 refutat
583 1379 647 1438 tale
671 1387 769 1458 pasta.
811 1377 923 1438 Nostra
946 1377 1066 1460 privata
1089 1379 1238 1440 stultitia
1258 1379 1293 1438 ad

178 1478 209 1526 te
240 1467 272 1523 in
300 1485 421 1524 summa
448 1460 615 1522 amicitiae.
659 1461 745 1546 Opto
771 1468 802 1522 te
830 1481 957 1544 semper
980 1461 1087 1523 valere
1111 1471 1148 1524 et
1174 1461 1294 1522 carita-

177 1552 217 1611 tis
244 1557 315 1610 tuae
344 1546 413 1606 iura
440 1553 561 1608 tenere.

628 1677 707 1734 Item
728 1673 835 1738 alium.

168 1809 180 1856 '⁴
261 1819 338 1881 ΧΠ.
380 1813 599 1876 Beatifieando
621 1813 748 1874 Domno
771 1824 803 1874 et
832 1815 1148 1878 fratri'Frodeherto
1175 1821 1295 1902 Papae.

179 1909 305 1968 llomne
329 1899 543 1974 frodoberte,
577 1896 756 1956 audivimus
779 1897 866 1978 quod
892 1909 1001 1960 noster
1026 1901 1214 1962 frementem
1243 1924 1294 1963 vo·

178 1992 228 2049 lais
253 2007 315 2046 non
348 1983 410 2042 fnit
436 1990 595 2061 aceeptus.
637 1981 685 2040 De
717 1989 822 2040 vestra
851 1989 938 2062 gesta
971 1982 1115 2042 volumus
1142 1983 1294 2045 intimare

181 2083 216 2131 ut
246 2070 285 2129 de
309 2077 429 2128 vestros
457 2083 547 2146 pares
578 2083 744 2141 nunquam
770 2061 910 2123 delectet
936 2063 997 2125 ho.-
1027 2063 1100 2146 iogo
1132 2066 1202 2126 tale
1239 2067 1294 2126 hoe

182 2153 314 2234 peferre.
366 2147 455 2210 lllnd
485 2145 572 2206 enim
607 2165 670 2204 non
702 2145 764 2204 fuit
791 2144 987 2228 condignum
1016 2145 1106 2228 quod
1131 2148 1236 2230 egisti
1265 2151 1293 2205 in

183 2233 370 2315 Segeberto-
388 2241 524 2310 regnum
547 2227 586 2288 de
616 2226 781 2288 Grimaldo
810 2227 964 2290 Maiorem
990 2229 1120 2306 domus,
1142 2253 1251 2310 quern
1270 2231 1294 2290 ei

182 2313 337 2378 sustulisti
359 2334 416 2373 sna
439 2309 535 2369 unica
564 2331 624 2372 uve
648 2331 705 2370 sua
730 2330 848 2386 uxore,
882 2310 968 2373 unde
993 2321 1101 2393 postea
1128 2311 1163 2370 in
1193 2334 1293 2396 regno

185 2417 353 2480 nunquam
376 2391 490 2452 hahuit
509 2390 652 2468 honore,
675 2402 707 2452 et
728 2413 810 2466 cum,
827 2403 938 2473 gentes
959 2393 1126 2455 venientes
1151 2396 1295 2457 Torona-

188 2503 224 2542 ca
245 2478 378 2559 regione
401 2473 514 2534 misisti
543 2475 610 2555 ipsa
641 2474 674 2533 in
710 2481 818 2536 saneta
853 2475 1108 2559 Congregatioue
1128 2511 1172 2523 -
1193 2513 1244 2524 —
1262 2511 1296 2521 -

185 2559 381 2624 MonasterIo
412 2555 594 2638 puellarum
617 2557 674 2638 qui
708 2566 755 2620 est
777 2566 981 2619 constructus
1002 2559 1045 2627 in,
1067 2592 1107 2602 -
1127 2593 1172 2606 —-
1192 2595 1243 2607 -
1261 2594 1296 2604 -

181 2643 257 2707 lton
279 2639 410 2717 ibidem,
437 2636 590 2699 lectiones
614 2638 733 2699 divinis
752 2638 891 2720 legistis,
922 2641 979 2716 ped
997 2675 1040 2686 -
1059 2673 1101 2684 —-
1119 2675 1163 2688 -
1182 2677 1232 2689 -
1254 2643 1296 2702 nis

184 2730 355 2788 intervos
378 2719 543 2782 habuistis.
593 2722 730 2804 Oportet
755 2731 802 2782 sat
822 2740 862 2766 ¹-
884 2755 1296 2772 -------

186 2805 415 2872 oouloeutione
444 2823 541 2886 quem
564 2823 624 2864 neo
650 2813 698 2864 est
719 2805 798 2864 odeo
831 2825 866 2863 ar
887 2837 1296 2852 -------

185 2925 227 2948 «-
247 2925 288 2938 -
307 2923 349 2934 -
368 2921 410 2937 -ι-
439 2919 472 2934 -·
491 2893 523 2945 ta
546 2885 591 2947 sie
618 2894 665 2946 est
686 2886 725 2946 ab
747 2887 932 2948 hominibus
952 2899 1055 2949 vestra
1073 2910 1109 2951 so
1129 2924 1175 2935 -
1194 2925 1242 2935 -
1263 2923 1297 2935 -

188 2999 193 3026 ³
194 3001 1121 3028 ““““““““““““““““
1144 2973 1295 3047 dentiae,

187 3059 243 3120 sed
269 3054 399 3138 qualem
425 3052 498 3112 faeu
520 3084 1296 3102 -------------

188 3136 385 3202 Monasterio
410 3135 521 3216 puella
548 3169 589 3180 -
616 3169 657 3179 —
682 3167 722 3179 ·-
753 3169 788 3208 ·†
815 3169 1296 3184 --------

187 3219 382 3284 Morrusterio
405 3217 469 3277 tuis
497 3249 538 3262 ··-
558 3251 600 3262 -
619 3249 660 3262 -·
687 3249 722 3262 -
748 3251 790 3262 --
809 3251 851 3264 --
878 3247 920 3264 a-
945 3253 1297 3266 ------

187 3304 322 3388 Perdidi
343 3337 384 3346 ····
405 3335 436 3344 ”⁴
462 3339 463 3343 ¹
464 3331 994 3348 ---------
1024 3304 1231 3366 lneoarunus
1264 3303 1297 3364 de

189 3387 350 3468 Parisia'gu
376 3393 469 3446 terra.

657 3487 824 3564 Parabolu.

250 3602 361 3666 till.
403 3603 529 3663 Domuo
551 3624 622 3664 meo
647 3605 856 3684 Frodeberto,
878 3605 948 3667 sine
977 3610 1058 3686 Deo,
1082 3629 1142 3670 nee
1165 3609 1298 3682 Sancto,

193 3707 254 3756 nee
279 3685 461 3779 Episcopo,
483 3705 544 3744 nee
573 3687 715 3782 regulari
745 3686 898 3766 Clerieo,
929 3690 985 3750 ubi
1008 3700 1122 3775 regnat
1143 3691 1299 3773 antiquus

85 3799 87 3802 ·
192 3768 359 3834 hominum
380 3765 541 3846 immicus,
566 3790 624 3850 qur
652 3769 732 3830 mihi
761 3769 893 3832 minime
924 3773 1027 3834 eredit
1055 3776 1141 3834 laetu
1163 3783 1230 3834 tuu
1254 3773 1300 3836 vi·

194 3856 241 3920 dit
253 3853 347 3912 illum
361 3848 424 3910 tihi
440 3871 568 3914 neeesse
585 3851 743 3929 desidero,
764 3874 864 3934 quare
882 3875 948 3916 non
963 3877 1047 3918 amas
1060 3859 1142 3933 Deo,
1156 3877 1221 3917 nee
1237 3877 1301 3918 cre·

196 3940 244 4020 dis
269 3931 336 4013 Dei
357 3931 435 4005 filio.
477 3931 610 4014 Semper
632 3934 737 3996 fecisti
762 3936 889 3999 melum.
932 3941 1053 4000 Contra
1080 3940 1301 4002 adversarium

195 4018 338 4098 pausillo:
357 4015 480 4082 satiato
503 4025 594 4098 putas
609 4018 794 4097 sapientem.
835 4020 899 4082 Sed
920 4021 1080 4084 credimus
1103 4025 1190 4106 qnod
1212 4045 1301 4084 men·

95 4159 96 4162 ,
197 4106 265 4186 {jag
287 4098 567 4181 Verepontimes
585 4099 725 4178 Christo,
747 4103 888 4165 neotibi
913 4105 1082 4166 consentit.
1124 4107 1186 4168 Cui
1202 4129 1300 4181 amas,

198 4207 256 4272 per
282 4179 389 4245 omnia
422 4181 492 4245 eius
519 4181 597 4245 facis
626 4204 732 4267 opera.
772 4184 839 4248 Nee
867 4187 1021 4270 genitoris
1048 4189 1096 4251 tui
1121 4190 1301 4273 diligebant
