2684 4990
210 257 286 335 760
529 271 1000 347 Qnrasrtounsrcuourm

207 424 314 482 tatem,
333 433 387 487 qna
406 421 520 470 vocatur
537 419 674 478 senectus,
693 411 765 485 qnae
782 412 880 484 incipit
889 430 967 468 avur.
988 413 1071 477 annis,
1087 431 1127 485 per
1140 434 1233 490 repugare

210 487 374 540 lateranen
399 484 515 550 debeat,
541 484 590 537 sed
608 501 686 565 suum
702 491 879 566 pugnatorem
897 502 944 556 pro
963 487 1126 567 remittere,
1145 488 1190 569 ideo
1206 498 1236 562 qut,

208 556 412 682 {pppssuv'irigpr
430 555 531 611 delicit.
566 555 636 622 Ergo
653 569 675 606 ss
692 563 792 619 virtus,
818 553 849 608 ad
872 563 913 608 est
936 554 1046 608 firmitas
1070 572 1164 627 corpora
1181 561 1236 628 delcit

280 729 444 782 Recordare:
470 727 498 780 Si
516 726 576 797 quis
594 725 771 796 appellaverit
788 725 863 780 aliud
882 727 916 779 ad
933 725 1078 788 servitium,
1096 735 1120 780 et
1133 727 1174 799 ipse
1187 731 1240 788 dixerit

207 817 263 852 non
281 817 387 852 servum
404 813 478 861 csse,
507 797 582 869 qnod
599 798 686 849 libera
703 805 787 849 matre
804 807 884 851 natus
911 797 963 849 sit:
989 798 1086 850 iustum
1111 808 1155 862 est,
1174 811 1194 853 ut
1209 823 1240 872 pn·

207 869 256 922 het
274 870 348 939 quod
367 869 442 921 dicit.
478 867 513 921 Et
530 867 552 917 si
571 867 628 937 ipse
647 885 702 918 non
719 867 839 936 potuerit
856 867 980 936 probare,
999 867 1091 936 probet
1105 867 1173 938 ipsura
1183 873 1242 943 quisp

207 939 302 1010 pellat.
334 939 368 990 Et
385 938 406 990 si
425 953 480 988 non
507 937 644 1006 potuerit,
662 937 739 989 laxet
754 937 860 1006 ipsum,
881 945 909 990 et
927 937 1011 989 iaciat
1028 939 1109 988 linem.
1147 939 1242 1010 lltriipa

208 1026 300 1062 servus
314 1007 392 1060 dedit
406 1007 493 1064 wadia
508 1006 542 1058 de
554 1006 688 1078 probare,
709 1014 737 1060 ct
752 1023 808 1062 non
821 1007 942 1076 potuerit
962 1006 1066 1070 iacere,
1084 1007 1148 1076 quod
1159 1007 1205 1062 liber
1217 1015 1243 1072 rit,

209 1079 305 1130 Comes
322 1075 423 1130 debeat
443 1077 507 1128 dare
532 1093 580 1147 pro
601 1094 676 1128 servo
694 1076 783 1138 illius,
818 1077 865 1146 qui
891 1077 1021 1146 appellat.
1062 1077 1095 1129 Et
1113 1076 1131 1126 si
1149 1079 1244 1146 producit

206 1147 340 1218 probare,
359 1156 387 1200 et
404 1145 476 1200 inter
496 1162 525 1198 se
539 1144 768 1209 discordaverint,
788 1145 978 1216 unusquisque
999 1153 1132 1216 componat
1148 1165 1202 1198 suun
1215 1152 1245 1200 lli·

208 1215 323 1282 drigild,
345 1225 373 1268 et
391 1217 449 1286 lpse
462 1233 511 1287 pro
526 1233 602 1268 servo
618 1215 741 1268 similiter
756 1216 803 1268 fiat
819 1215 907 1268 datur.
944 1215 1014 1269 Etsi
1029 1215 1093 1286 ipse,
1107 1215 1148 1286 qui
1161 1216 1208 1269 dicit
1215 1236 1244 1271 eas

208 1303 288 1339 auum
301 1286 440 1339 dominum
449 1324 458 1350 ,
482 1303 537 1338 non
554 1286 674 1358 potuerit
692 1285 823 1359 Probare,
842 1285 913 1338 nihil
927 1294 1077 1356 componat

281 1387 383 1459 Siquis
403 1387 633 1442 commendaverit
651 1387 757 1457 aliquas
776 1405 817 1439 res
838 1387 957 1440 cuilibet
978 1404 1069 1448 servo,
1098 1387 1206 1443 nesciente
1220 1407 1246 1440 suo

207 1458 335 1517 domino,
355 1465 383 1510 et
406 1475 450 1510 eos
476 1458 600 1511 dominus
621 1457 790 1512 libertaverit
805 1465 921 1526 postea,
949 1465 978 1512 et
1001 1456 1111 1510 voluerit
1133 1458 1189 1528 ipse,
1205 1459 1244 1509 trias

207 1545 248 1586 res
264 1528 381 1588 fuerint,
409 1528 564 1597 appellare,
591 1527 716 1580 dominus
739 1525 810 1579 nihil
838 1528 864 1581 ei
883 1526 998 1592 reddat5
1021 1545 1082 1584 narn
1101 1527 1163 1607 ipse,
1185 1529 1242 1582 cura

208 1597 457 1658 commendiderat,
481 1599 538 1667 ipse
555 1597 659 1649 rendat.
696 1598 731 1650 lit
746 1597 768 1649 ri
796 1611 845 1668 per
867 1613 1030 1652 consensum
1052 1597 1142 1650 dommi
1161 1597 1191 1648 sui
1208 1614 1242 1649 aa

207 1667 386 1732 mandaverit,
412 1667 537 1720 dominus
555 1667 726 1737 respondeat.

274 1767 441 1832 Recordare,
460 1768 590 1838 quoniam
609 1767 631 1819 si
648 1785 741 1822 servm
757 1765 938 1822 ambulaverit
957 1784 974 1822 a
992 1769 1123 1821 mansione
1137 1767 1218 1830 alterius,
1231 1773 1246 1818 et

206 1837 322 1895 dixerit:
357 1842 443 1892 Homo
458 1840 506 1890 ille
525 1835 642 1891 mandat
656 1837 736 1890 vobis
755 1837 866 1892 domino
883 1855 955 1899 meo,
973 1851 1082 1910 praesto
1095 1839 1163 1890 talem
1173 1855 1219 1900 ιιιι,Ι
1230 1845 1246 1888 et

204 1908 394 1982 praestaverit,
421 1917 449 1962 et
464 1908 520 1978 ipse
534 1924 624 1960 servus
642 1906 766 1973 fugient,
793 1915 821 1960 et
837 1907 895 1989 ipse
915 1908 966 1977 qui
983 1925 1058 1961 servo
1073 1925 1110 1960 res
1124 1907 1245 1972 dederitpul-

130 1995 137 2008 ·
204 1978 470 2034 ravennensium:
494 1979 596 2032 iustum
612 1984 667 2039 est,
689 1977 815 2029 dominus
833 1975 904 2030 nhil
930 1979 956 2029 ei
980 1979 1092 2040 rendat,
1113 1977 1155 2029 nisi
1170 1975 1247 2045 praebeat

205 2057 424 2110 recrementum,
456 2064 508 2100 nec
526 2063 591 2098 suae
606 2047 772 2110 voluntatis,
796 2063 848 2099 nec
865 2064 930 2100 suae
945 2048 1124 2100 conscientiae
1135 2044 1247 2104 eiusluisat,

205 2120 282 2189 quod
301 2137 391 2171 servus
410 2133 475 2170 suus
492 2116 665 2169 hoc'malum
683 2115 809 2178 fecisset,
829 2125 859 2169 et
874 2117 922 2170 fiat
939 2119 1056 2172 solutus.
1089 2117 1120 2169 Et
1141 2113 1248 2174 sivoluerit,

206 2189 292 2243 habet
315 2189 433 2259 spatium
456 2187 491 2254 ad
512 2186 705 2258 requirendum
729 2203 790 2238 eum
810 2184 920 2240 habere.

274 2291 432 2343 Recordare.
469 2291 498 2344 Si
510 2288 592 2342 homo
610 2288 790 2341 mundiaverit
805 2305 879 2341 suam
895 2289 1099 2353 mundoaldam,
1113 2297 1136 2341 et
1147 2289 1165 2340 si
1177 2285 1249 2338 averrit

201 2363 272 2441 ipsa⁸
287 2361 422 2441 moriens,
447 2360 548 2416 iustum
572 2367 632 2424 cat,
660 2358 700 2411 ita
721 2358 832 2413 maritus
859 2361 993 2420 succedat
1023 2361 1053 2412 in
1072 2369 1160 2428 totam,
1176 2353 1248 2428 quodsi

204 2437 374 2506 pertinuerat.

274 2532 441 2594 Recordare,
462 2529 589 2601 quonlam
607 2531 629 2586 sl
647 2533 728 2584 homo
753 2530 933 2603 appellaverit
955 2533 1059 2596 alium,
1093 2529 1156 2601 qnod
1171 2527 1210 2598 ipss
1224 2524 1250 2574 de·

204 2603 328 2660 vestisset
343 2603 377 2654 de
391 2619 432 2654 rer
448 2600 619 2666 immobiles,
644 2610 671 2653 et
683 2602 742 2671 ipse
769 2603 886 2663 dixerit,
920 2605 997 2674 quod
1022 2605 1056 2656 de
1077 2602 1200 2674 propinquo
1216 2610 1250 2644 nst

203 2680 315 2744 parente
332 2671 399 2730 sint,
422 2671 444 2724 si
460 2671 518 2742 ipse
535 2672 681 2724 decesserit
698 2671 801 2743 absque
818 2673 899 2738 filiis,
926 2673 1057 2736 filiabus,
1085 2691 1114 2724 eo
1133 2672 1180 2724 volo
1195 2680 1250 2716 sucos·

204 2743 285 2796 dere:
307 2741 409 2794 iustum
425 2749 479 2804 est,
504 2757 556 2794 nec
572 2740 696 2805 resudat,
724 2758 776 2794 nec
803 2759 918 2813 pugnarn
932 2743 1023 2796 facere
1045 2743 1124 2804 inde,
1147 2755 1186 2792 nec
1200 2736 1250 2814 ian

202 2813 311 2875 mittat,
331 2829 382 2864 nec
402 2811 555 2866 intromisit.
605 2809 677 2863 Etsi
696 2811 813 2874 dixerit,
837 2812 911 2881 quod
925 2813 1099 2873 devertisset,
1120 2804 1248 2879 stipulas

202 2882 257 2943 rit,
277 2881 351 2952 quod
365 2882 484 2952 pertinet
498 2881 566 2934 mihi
578 2897 627 2951 per
636 2880 778 2943 libellum,
797 2891 824 2935 et
838 2898 886 2948 ego
901 2881 952 2936 tibi
977 2883 1051 2936 malo
1070 2881 1154 2935 ordine
1173 2892 1207 2929 uon
1220 2871 1248 2921 de·

202 2952 314 3010 vestivi:
334 2951 436 3006 iustum
451 2959 508 3015 est,
531 2959 563 3006 ut
578 2944 660 3002 saciat
671 2967 797 3019 pugnam.

274 3053 431 3105 Recordare.
469 3041 595 3104 Si'horno
609 3051 762 3104 vendiderit
777 3069 837 3104 ruas
850 3070 892 3106 res
908 3051 943 3105 ad
958 3037 1140 3119 Presbyterum
1152 3047 1174 3099 in
1193 3048 1246 3095 eote
1280 3061 1281 3090 ι

202 3139 285 3186 nore,
311 3131 343 3174 nt
354 3123 412 3191 ipse
427 3121 527 3173 debeat
543 3123 738 3174 usumfructum
747 3121 864 3184 habere,
894 3132 921 3174 et
943 3131 1006 3192 post
1029 3125 1085 3174 eins
1108 3121 1213 3171 decessum
1228 3108 1246 3158 ad

203 3195 261 3248 eius
272 3192 464 3261 proprietatem
481 3191 582 3244 debeat
590 3191 692 3256 venire,
707 3200 735 3244 et
751 3192 830 3244 suerit
839 3201 958 3244 mortuus
966 3193 1025 3245 sine
1034 3191 1093 3244 filiis
1101 3199 1125 3242 et
1133 3185 1245 3240 filiatam

204 3280 260 3316 non
275 3262 372 3314 iecerit
391 3261 493 3330 aliquid
510 3262 544 3312 de
562 3261 626 3330 ipsis
648 3259 746 3326 rebus3
774 3261 874 3313 iustum
890 3270 939 3325 est,
965 3263 1004 3314 ita
1023 3262 1080 3331 ipse
1101 3258 1212 3323 Presbyter
1223 3265 1242 3302 lt

202 3332 262 3388 aiat
279 3332 313 3384 ad
327 3333 534 3401 proprietatem,
555 3330 620 3401 quia
635 3348 690 3383 non
707 3331 813 3384 dederit
830 3331 906 3396 aliis,
933 3340 959 3385 et
973 3332 1031 3402 ipse
1044 3333 1073 3382 in
1084 3347 1110 3382 ae
1126 3328 1218 3380 retineat.

275 3433 381 3487 Iustum
400 3441 457 3496 est,
481 3441 511 3490 ut
522 3431 604 3486 homo
621 3431 655 3485 de
670 3432 804 3488 adulteria
821 3441 918 3496 natas,
936 3433 1010 3487 vivat
1030 3433 1131 3504 qualem
1149 3430 1242 3491 lagena·

203 3501 295 3562 luerit
330 3503 400 3554 Etsi
415 3504 472 3572 ipse
488 3512 608 3555 mortuus
623 3501 704 3556 fuerit
716 3504 774 3554 sine
791 3503 869 3566 fillis,
907 3513 935 3558 et
948 3504 1073 3578 filiam
1092 3498 1186 3556 ,umine
1198 3497 1244 3544 pp,

204 3581 316 3634 mento,
338 3571 438 3630 iustum
452 3581 509 3634 est,
536 3580 568 3625 ut
583 3571 642 3641 ipse
657 3571 704 3643 qui
719 3573 781 3641 plus
798 3573 965 3644 propinquus
981 3573 1076 3636 fuerit,
1094 3571 1145 3622 sive
1157 3573 1244 3636 partem

204 3643 267 3704 tris,
287 3642 343 3694 sive
358 3651 434 3710 parte
450 3641 557 3704 matris,
581 3641 633 3714 ipsi
649 3642 785 3702 succedat,
822 3643 904 3716 Quod
919 3642 941 3696 si
953 3643 1078 3714 aequales
1097 3645 1198 3720 parentas
1213 3629 1244 3683 itt*

207 3713 278 3777 slat,
296 3709 589 3774 similiterauccedant.
