2676 4976
483 303 681 375 msarrcle‘
1057 305 1130 376 520

54 460 159 538 steriis,
185 459 239 543 qui
261 459 403 543 partibus
426 459 586 521 Comitum
615 460 705 522 exire
729 459 891 537 solebant,
918 462 1130 524 salvatamen

55 543 216 619 functione,
237 564 318 623 quae
335 553 399 604 tum
414 564 454 604 ex
469 543 610 619 tribute,
631 564 687 602 scu
706 543 914 622 vectigalibus
933 554 964 604 et
981 545 1044 605 alia
1055 567 1132 625 qua·

54 628 125 688 libet
141 643 172 684 re
190 625 327 704 partibus
350 623 470 688 Palatii
495 623 596 686 nostri
622 624 731 684 venire
752 625 865 701 dehet,
887 646 946 706 per
969 626 1051 688 hauc
1077 649 1134 688 uo·

54 721 138 771 stram
149 706 360 766 authoritatem
383 707 577 780 concedere,
596 715 627 766 et
642 715 810 787 propterea
827 706 882 768 has
898 717 1023 769 nostrae
1039 729 1135 790 prae-

57 789 192 871 ceptionis
210 789 326 851 litteras
347 789 515 871 praedicto
536 790 729 848 Monosterio
746 787 878 868 eiusque
891 791 1135 873 congregationi

56 873 119 931 fieri
140 871 290 946 iussimus,
319 893 381 954 per
399 892 476 952 quas
504 870 651 929 omnihus
673 870 762 931 vohis
787 871 1016 952 praecipimus,
1038 873 1135 934 atde
1206 891 1209 896 ’

57 953 228 1015 lllouasteriis
249 952 486 1027 denominatis,
508 951 570 1012 hoc
590 961 636 1012 est
660 951 693 1009 in
711 951 845 1010 Comitia
859 954 897 1018 N.
914 953 1043 1036 indarg.
1066 1001 1073 1016 .
1095 998 1103 1014 .
1125 1004 1135 1019 .

56 1037 87 1096 in
105 1033 237 1094 Centariu
258 1034 335 1112 illa,
366 1036 401 1095 in
430 1035 502 1094 loco
528 1033 585 1112 qui
616 1033 735 1100 dicitur
758 1035 797 1098 N.
825 1034 912 1094 iuxta
934 1035 1044 1096 villam
1075 1057 1136 1096 no-

56 1128 137 1180 stram
154 1116 186 1180 N.
206 1115 243 1176 de
260 1115 347 1178 hoba
375 1117 430 1176 illa
452 1125 483 1177 et
506 1116 560 1175 illa
582 1115 614 1174 in
641 1117 752 1176 eodem
768 1137 848 1198 pago
868 1116 900 1174 in
924 1118 1077 1178 Centuria
1096 1119 1135 1183 N.

57 1200 85 1258 in
103 1199 163 1257 loco
182 1198 236 1276 qui
265 1209 298 1260 et
325 1200 396 1282 ipse
421 1199 459 1263 N.
480 1208 707 1280 nuncupatur,
730 1199 786 1278 qni
816 1206 864 1258 est
885 1198 974 1258 iuxta
997 1201 1039 1265 N.
1057 1199 1137 1280 bup-

54 1280 187 1340 tismalem
203 1281 407 1352 Ecclesiam,
436 1279 475 1340 de
504 1301 614 1339 mainso
646 1280 715 1360 illo}
733 1289 765 1340 et
795 1280 877 1356 illo,
907 1291 939 1340 et
968 1281 1000 1341 iu
1025 1284 1136 1342 eadem

53 1360 169 1422 Comitia
188 1361 219 1420 iu
243 1374 336 1444 parte
354 1361 514 1424 Orientali
535 1361 567 1420 in
586 1362 738 1421 Centuria
760 1362 795 1426 N.
818 1361 850 1419 in
873 1362 945 1422 loco
962 1365 1019 1444 qui
1035 1385 1138 1443 aeque

52 1445 83 1508 N.
106 1453 256 1522 vocatur,
285 1455 319 1506 et
349 1455 398 1506 est
430 1445 517 1504 iustu
546 1443 823 1504 Constanticusem
849 1444 1035 1510 Ecclesiam.
1087 1449 1138 1507 De

52 1547 144 1585 manso
170 1524 245 1604 illo,
277 1538 310 1588 et
337 1527 427 1586 illius
457 1526 583 1584 nullum
613 1526 787 1601 tributum,
815 1535 871 1584 arat
898 1528 1057 1610 vectigal,
1085 1539 1141 1588 aut

53 1629 154 1688 opera,
177 1617 228 1667 aut
248 1618 418 1686 araturas,
440 1617 494 1668 aut
515 1608 590 1667 alias
612 1608 771 1687 quaslibet
788 1607 970 1668 functiones
991 1610 1138 1691 exigere,

53 1699 243 1751 autexactare
266 1690 495 1774 praesumetis,
517 1690 573 1749 sed
591 1691 674 1750 sicut
691 1689 723 1748 in
748 1699 853 1749 nostra
869 1690 1053 1753 Elemusina
1066 1713 1140 1754 con·

52 1771 198 1848 cessimus,
221 1772 266 1833 ita
287 1783 446 1855 perpetuo
466 1779 607 1832 maneat.
647 1772 783 1851 Reliqua
805 1781 964 1852 utsupra.

120 1854 172 1919 Vl.
192 1853 232 1914 lu
256 1854 390 1915 nomine
413 1856 545 1914 Sanctae
577 1862 609 1914 ct
635 1854 824 1914 individuae
853 1854 1020 1916 Trinitatis
1043 1859 1082 1921 H.
1105 1860 1139 1916 L.

54 1935 110 1993 llcx
129 1937 339 2014 Germ-auiae,
360 1935 386 1998 si
408 1953 480 2018 erga
503 1936 572 1994 loca
593 1935 631 1993 ab
651 1935 863 1996 anterioribus
885 1937 999 1997 nostris
1018 1940 1140 1998 Divino

55 2016 142 2076 cultui
163 2019 363 2100 mancipata,
396 2027 426 2078 et
452 2039 560 2078 servos
589 2017 649 2076 Dei
681 2017 713 2076 in
744 2017 862 2078 eisdem
884 2032 1138 2097 commanentes,

57 2098 210 2160 liberalitas
225 2110 336 2162 nostru
356 2099 478 2182 aliquid
498 2099 729 2159 beneficiorum
750 2100 939 2178 contulerit,
961 2104 1141 2162 mercedem

58 2180 135 2240 nohis
154 2181 190 2240 ab
212 2181 274 2243 hoc
305 2206 323 2241 a
352 2186 420 2244 Deo
440 2183 599 2242 credimus
621 2183 851 2261 repetendam,
883 2191 916 2242 et
936 2184 1056 2265 prolem
1080 2207 1140 2244 ιιο-

58 2270 138 2320 stram
152 2273 218 2344 post
233 2287 292 2326 nos
316 2265 456 2326 feliciter
476 2273 688 2345 regnaturam.
729 2264 770 2324 Et
792 2264 912 2325 idcirco
928 2288 1036 2326 omncs
1059 2267 1141 2327 lido-

58 2342 97 2402 les
115 2345 228 2424 nostri,
249 2357 286 2407 et
307 2347 446 2407 liliorum
476 2355 675 2422 nostrornm,
697 2357 878 2427 praesentes
899 2349 1020 2408 scilicet
1042 2359 1074 2408 et
1095 2351 1143 2408 l'n·

59 2423 110 2482 turi
133 2439 347 2509 cognoscant,
377 2429 465 2513 quod
495 2429 683 2488 vcracrabilis
719 2427 771 2488 vir
797 2429 833 2488 N.
862 2428 949 2492 illius
977 2431 1140 2492 Ecclesiae

58 2506 170 2568 Praesul
183 2511 352 2592 precihus,
375 2511 491 2594 quihus
505 2532 599 2570 ausus
617 2519 682 2585 est,
702 2511 863 2572 serenitati
881 2513 1043 2594 suggessit,
1055 2515 1143 2595 quod

60 2588 214 2670 Canonici,
243 2603 278 2654 et
299 2593 419 2654 familia
439 2593 536 2674 ipsius
557 2593 736 2670 Ecclesiae,
763 2595 817 2652 sed
840 2596 944 2654 etalii
969 2596 1086 2657 Clerici
1109 2607 1141 2655 et

61 2682 175 2734 cunctus
194 2677 336 2758 populus
366 2676 508 2738 eiusdem
537 2675 747 2751 Dioeceseos,
778 2677 911 2734 niarium
937 2677 1067 2738 solliciti
1090 2701 1141 2740 es-

62 2763 121 2812 sent
138 2765 167 2816 et
185 2759 351 2839 suspecti,
371 2758 518 2840 quisnam
538 2757 603 2818 illis
623 2766 678 2816 aut
699 2758 789 2818 cuius
809 2757 913 2839 gentis
939 2779 997 2839 per
1016 2782 1048 2820 se
1067 2762 1142 2842 Epi·

62 2853 158 2917 seopus
177 2841 398 2915 ordinaretur,
420 2839 568 2900 timentes
587 2839 757 2914 videlicet,
790 2861 830 2898 ne
852 2840 878 2900 si
899 2841 1026 2920 ignotus
1047 2842 1142 2921 igno·

61 2913 109 2992 lla,
129 2928 157 2979 et
175 2923 273 2982 etiam
293 2923 423 2984 alterius
443 2921 590 3002 linguae,
609 2921 869 3000 diversorumque
889 2943 1013 2981 morum
1027 2943 1141 3002 snper-

61 3011 239 3083 poneretur,
263 3003 309 3066 eis
330 3024 529 3086 nequaquam
550 3001 723 3064 convenire
745 3002 909 3081 potuisset.
952 3003 1051 3063 Cuius
1064 3024 1140 3084 sng-

63 3079 179 3156 gestioni
199 3107 363 3148 assensum
386 3095 510 3147 nostrae
534 3084 658 3167 pietatis
679 3084 972 3160 accommodantes,
994 3096 1027 3145 et
1046 3085 1141 3145 Chri·

62 3160 164 3226 stlaoue
185 3167 290 3249 plebis
316 3167 447 3228 utilitati
474 3166 722 3248 prospicientes,
751 3185 809 3246 per
836 3165 1059 3227 authoritatem
1082 3188 1141 3226 no-

64 3250 132 3306 strae
151 3250 311 3330 potestatis
332 3250 436 3311 eidem
456 3248 618 3309 Ecclesiae
648 3247 709 3307 hoc
735 3255 827 3328 pacto
856 3247 889 3304 in
913 3250 1025 3308 eodem
1045 3249 1141 3310 Clero

65 3331 90 3382 et
107 3326 192 3390 etiam
215 3331 249 3390 in
271 3332 338 3414 ipsa
362 3331 533 3393 Purrochia
559 3329 610 3390 ius
635 3328 696 3389 sibi
725 3329 866 3410 eligendi
892 3330 1084 3412 Episcopum
1106 3332 1140 3390 in

65 3403 262 3472 Elemosinam
283 3422 420 3474 nostram
447 3412 671 3476 concessimus.
712 3411 788 3470 ldeo
814 3410 840 3470 si
870 3412 954 3472 iuter
973 3413 1057 3494 ipsos
1079 3415 1141 3474 Cu·

67 3490 181 3556 uonicos
203 3495 340 3577 Ingenui
361 3506 393 3556 et
412 3495 542 3555 Nobiles
560 3493 705 3554 homines
730 3493 867 3555 Divinae
886 3494 1085 3556 authoritatis
1111 3517 1143 3556 e·

67 3566 189 3654 loquiis,
212 3587 244 3638 et
265 3577 471 3660 synodalium
492 3579 703 3636 Decretorum
723 3576 901 3638 constitutis
922 3577 1089 3654 instructi,
1111 3587 1144 3639 ct

66 3648 143 3715 bonis
161 3658 301 3721 moribus
323 3660 468 3720 adornati
494 3658 617 3718 suerint
641 3657 762 3719 inventi
774 3702 782 3722 .
808 3679 867 3739 per
887 3682 1078 3722 consensum
1097 3683 1144 3722 sa⁴

68 3753 177 3800 crorum
197 3741 361 3818 ordinum,
385 3751 417 3804 et
438 3751 514 3800 natu
534 3738 689 3799 maiorum
709 3739 865 3800 nobilium
885 3743 1064 3820 Laicorum,
1086 3745 1144 3824 qui

36 3833 38 3886 ff
70 3814 167 3896 dignus
187 3844 226 3884 ex
248 3823 294 3884 eis
316 3825 435 3886 clectus
456 3822 574 3898 fuerit,
599 3821 638 3881 ad
661 3832 784 3882 nostrae
806 3824 985 3886 serenitatis
1007 3827 1144 3886 deduca-

37 3899 39 3970 l
70 3903 112 3956 tur
129 3915 305 3987 aspectum,
327 3917 363 3968 ut
391 3927 450 3989 per
477 3914 614 3968 nostram
643 3905 933 3986 comprobationem
959 3907 1092 3968 Clericis
1115 3918 1147 3968 et

70 3976 221 4048 Monachis
242 3996 275 4047 et
295 3987 383 4048 omni
403 3988 527 4070 Populo
548 3995 694 4066 acceptus
713 3995 746 4046 et
764 3985 961 4048 honorabilis
983 3987 1147 4056 habeatur.

72 4059 150 4132 Quod
167 4068 192 4128 si
214 4069 374 4132 intereos
395 4071 467 4129 talis
491 4068 629 4129 inveniri
659 4066 863 4160 nequiverit,
889 4070 945 4130 sed
964 4071 1026 4130 Dei
1048 4073 1149 4154 gratia

56 4139 243 4211 'lllouusteria
262 4150 424 4214 incudem
447 4149 594 4211 Dioecesi
616 4148 783 4210 Nobilibus
804 4158 835 4208 ct
858 4150 993 4211 eruditis
1010 4152 1085 4214 viris
1101 4175 1149 4214 re·

55 4221 152 4310 terta,
174 4231 250 4295 iude
272 4233 403 4319 dignum
425 4241 456 4296 ct
478 4231 669 4295 industriam
691 4231 855 4294 Ecclesiae
873 4233 1040 4298 Rectorem
1064 4235 1152 4300 iore·
1174 4283 1176 4287 -

715 4355 764 4425 34
