<?xml version="1.0" encoding="UTF-8"?>
<!DOCTYPE html PUBLIC "-//W3C//DTD XHTML 1.0 Transitional//EN"
    "http://www.w3.org/TR/xhtml1/DTD/xhtml1-transitional.dtd">
<html xmlns="http://www.w3.org/1999/xhtml" xml:lang="en" lang="en">
 <head>
  <title>
</title>
<meta http-equiv="Content-Type" content="text/html;charset=utf-8" />
  <meta name='ocr-system' content='tesseract 3.04.00' />
  <meta name='ocr-capabilities' content='ocr_page ocr_carea ocr_par ocr_line ocrx_word'/>
</head>
<body>
  <div class='ocr_page' id='page_1' title='image "./corpusiurisgerm03visigoog_0094.png"; bbox 0 0 2734 4990; ppageno 0'>
   <div class='ocr_carea' id='block_1_1' title="bbox 515 300 1178 382">
    <p class='ocr_par' dir='ltr' id='par_1_1' title="bbox 515 300 1178 382">
     <span class='ocr_line' id='line_1_1' title="bbox 515 300 1178 382; baseline -0.011 -6"><span class='ocrx_word' id='word_1_1' title='bbox 515 321 732 376; x_wconf 72' lang='lat' dir='ltr'><strong>antuanum</strong></span> <span class='ocrx_word' id='word_1_2' title='bbox 1104 300 1178 382; x_wconf 84' lang='grc'>487.</span> 
     </span>
    </p>
   </div>
   <div class='ocr_carea' id='block_1_2' title="bbox 85 457 1177 708">
    <p class='ocr_par' dir='ltr' id='par_1_2' title="bbox 85 457 1177 708">
     <span class='ocr_line' id='line_1_2' title="bbox 85 457 1177 546; baseline -0.005 -19"><span class='ocrx_word' id='word_1_3' title='bbox 85 465 167 532; x_wconf 88' lang='lat' dir='ltr'><strong>tarii.</strong></span> <span class='ocrx_word' id='word_1_4' title='bbox 210 463 273 544; x_wconf 85' lang='lat' dir='ltr'><strong>Sig.</strong></span> <span class='ocrx_word' id='word_1_5' title='bbox 295 461 424 524; x_wconf 88' lang='lat' dir='ltr'><strong>aliorum</strong></span> <span class='ocrx_word' id='word_1_6' title='bbox 446 463 584 528; x_wconf 84' lang='lat' dir='ltr'><strong>testium.</strong></span> <span class='ocrx_word' id='word_1_7' title='bbox 633 459 704 542; x_wconf 87' lang='lat' dir='ltr'><strong>Ego</strong></span> <span class='ocrx_word' id='word_1_8' title='bbox 726 459 833 540; x_wconf 89' lang='lat' dir='ltr'><strong>itaque</strong></span> <span class='ocrx_word' id='word_1_9' title='bbox 856 457 913 520; x_wconf 89' lang='lat' dir='ltr'><strong>ille</strong></span> <span class='ocrx_word' id='word_1_10' title='bbox 933 469 1061 542; x_wconf 84' lang='lat' dir='ltr'><strong>rogatus</strong></span> <span class='ocrx_word' id='word_1_11' title='bbox 1079 461 1177 546; x_wconf 83' lang='lat' dir='ltr'><strong>serip-</strong></span> 
     </span>
     <span class='ocr_line' id='line_1_3' title="bbox 85 541 1177 628; baseline -0.004 -17"><span class='ocrx_word' id='word_1_12' title='bbox 85 555 124 616; x_wconf 87' lang='lat' dir='ltr'><strong>si.</strong></span> <span class='ocrx_word' id='word_1_13' title='bbox 165 545 277 610; x_wconf 82' lang='lat' dir='ltr'><strong>Notavi</strong></span> <span class='ocrx_word' id='word_1_14' title='bbox 297 545 376 606; x_wconf 89' lang='lat' dir='ltr'><strong>diem</strong></span> <span class='ocrx_word' id='word_1_15' title='bbox 395 544 499 621; x_wconf 81' lang='lat' dir='ltr'><strong>iilum,</strong></span> <span class='ocrx_word' id='word_1_16' title='bbox 526 544 561 604; x_wconf 90' lang='lat' dir='ltr'><strong>iu</strong></span> <span class='ocrx_word' id='word_1_17' title='bbox 588 542 645 606; x_wconf 84' lang='lat' dir='ltr'><strong>illa</strong></span> <span class='ocrx_word' id='word_1_18' title='bbox 670 543 742 604; x_wconf 85' lang='lat' dir='ltr'><strong>datu</strong></span> <span class='ocrx_word' id='word_1_19' title='bbox 762 562 848 602; x_wconf 80' lang='lat' dir='ltr'><strong>auno</strong></span> <span class='ocrx_word' id='word_1_20' title='bbox 873 541 931 603; x_wconf 88' lang='lat' dir='ltr'><strong>iilo</strong></span> <span class='ocrx_word' id='word_1_21' title='bbox 960 541 1049 606; x_wconf 88' lang='lat' dir='ltr'><strong>illius</strong></span> <span class='ocrx_word' id='word_1_22' title='bbox 1070 544 1177 628; x_wconf 82' lang='lat' dir='ltr'><strong>impe·</strong></span> 
     </span>
     <span class='ocr_line' id='line_1_4' title="bbox 86 627 516 708; baseline -0.002 -15"><span class='ocrx_word' id='word_1_23' title='bbox 86 630 214 708; x_wconf 86' lang='lat' dir='ltr'><strong>ratoris,</strong></span> <span class='ocrx_word' id='word_1_24' title='bbox 233 627 288 690; x_wconf 89' lang='lat' dir='ltr'><strong>sub</strong></span> <span class='ocrx_word' id='word_1_25' title='bbox 307 627 361 686; x_wconf 86' lang='lat' dir='ltr'><strong>ilio</strong></span> <span class='ocrx_word' id='word_1_26' title='bbox 381 627 516 692; x_wconf 89' lang='lat' dir='ltr'><strong>Comite.</strong></span> 
     </span>
    </p>
   </div>
   <div class='ocr_carea' id='block_1_3' title="bbox 424 759 826 822">
    <p class='ocr_par' dir='ltr' id='par_1_3' title="bbox 424 759 826 822">
     <span class='ocr_line' id='line_1_5' title="bbox 424 759 826 822; baseline 0 -1"><span class='ocrx_word' id='word_1_27' title='bbox 424 760 540 822; x_wconf 79' lang='lat' dir='ltr'><strong>Charta</strong></span> <span class='ocrx_word' id='word_1_28' title='bbox 568 759 826 822; x_wconf 79' lang='lat' dir='ltr'><em>commutationis.</em></span> 
     </span>
    </p>
   </div>
   <div class='ocr_carea' id='block_1_4' title="bbox 79 873 1199 3487">
    <p class='ocr_par' dir='ltr' id='par_1_4' title="bbox 79 873 1199 3487">
     <span class='ocr_line' id='line_1_6' title="bbox 172 873 1177 957; baseline -0.002 -19"><span class='ocrx_word' id='word_1_29' title='bbox 172 873 304 938; x_wconf 78' lang='lat' dir='ltr'><strong>XLVIII.</strong></span> <span class='ocrx_word' id='word_1_30' title='bbox 346 875 451 936; x_wconf 86' lang='lat' dir='ltr'>Omne</span> <span class='ocrx_word' id='word_1_31' title='bbox 467 895 603 957; x_wconf 89' lang='lat' dir='ltr'><strong>namque</strong></span> <span class='ocrx_word' id='word_1_32' title='bbox 624 874 713 956; x_wconf 91' lang='lat' dir='ltr'><strong>quod</strong></span> <span class='ocrx_word' id='word_1_33' title='bbox 733 873 818 934; x_wconf 89' lang='lat' dir='ltr'><strong>inter</strong></span> <span class='ocrx_word' id='word_1_34' title='bbox 836 881 942 954; x_wconf 86' lang='lat' dir='ltr'><strong>partes</strong></span> <span class='ocrx_word' id='word_1_35' title='bbox 963 873 1102 936; x_wconf 87' lang='lat' dir='ltr'><strong>diversas</strong></span> <span class='ocrx_word' id='word_1_36' title='bbox 1118 873 1177 936; x_wconf 90' lang='lat' dir='ltr'><strong>bo·</strong></span> 
     </span>
     <span class='ocr_line' id='line_1_7' title="bbox 95 955 1179 1038; baseline -0.005 -16"><span class='ocrx_word' id='word_1_37' title='bbox 95 961 141 1022; x_wconf 88' lang='lat' dir='ltr'><strong>uis</strong></span> <span class='ocrx_word' id='word_1_38' title='bbox 161 959 289 1019; x_wconf 90' lang='lat' dir='ltr'><strong>moribus</strong></span> <span class='ocrx_word' id='word_1_39' title='bbox 310 959 461 1038; x_wconf 91' lang='lat' dir='ltr'><strong>sanisque</strong></span> <span class='ocrx_word' id='word_1_40' title='bbox 483 956 626 1018; x_wconf 88' lang='lat' dir='ltr'><strong>consiliis</strong></span> <span class='ocrx_word' id='word_1_41' title='bbox 646 955 746 1017; x_wconf 89' lang='lat' dir='ltr'><strong>fuerit</strong></span> <span class='ocrx_word' id='word_1_42' title='bbox 766 955 959 1033; x_wconf 89' lang='lat' dir='ltr'><strong>diffinitum,</strong></span> <span class='ocrx_word' id='word_1_43' title='bbox 981 977 1109 1016; x_wconf 90' lang='lat' dir='ltr'><strong>necesse</strong></span> <span class='ocrx_word' id='word_1_44' title='bbox 1131 966 1179 1018; x_wconf 89' lang='lat' dir='ltr'><strong>est</strong></span> 
     </span>
     <span class='ocr_line' id='line_1_8' title="bbox 94 1037 1179 1125; baseline -0.001 -24"><span class='ocrx_word' id='word_1_45' title='bbox 94 1053 210 1125; x_wconf 91' lang='lat' dir='ltr'><strong>propter</strong></span> <span class='ocrx_word' id='word_1_46' title='bbox 236 1041 339 1120; x_wconf 88' lang='lat' dir='ltr'><strong>iurgia</strong></span> <span class='ocrx_word' id='word_1_47' title='bbox 367 1041 475 1100; x_wconf 84' lang='lat' dir='ltr'><strong>futura</strong></span> <span class='ocrx_word' id='word_1_48' title='bbox 501 1038 688 1100; x_wconf 89' lang='lat' dir='ltr'><strong>subicienda</strong></span> <span class='ocrx_word' id='word_1_49' title='bbox 715 1037 959 1098; x_wconf 84' lang='lat' dir='ltr'><strong>succedentibus</strong></span> <span class='ocrx_word' id='word_1_50' title='bbox 982 1039 1179 1120; x_wconf 82' lang='lat' dir='ltr'><strong>temporibus</strong></span> 
     </span>
     <span class='ocr_line' id='line_1_9' title="bbox 93 1118 1181 1202; baseline -0.003 -17"><span class='ocrx_word' id='word_1_51' title='bbox 93 1123 316 1202; x_wconf 82' lang='lat' dir='ltr'><strong>subscriptionis</strong></span> <span class='ocrx_word' id='word_1_52' title='bbox 348 1122 480 1184; x_wconf 86' lang='lat' dir='ltr'><strong>vinculo</strong></span> <span class='ocrx_word' id='word_1_53' title='bbox 517 1120 691 1200; x_wconf 81' lang='lat' dir='ltr'><strong>conligare.</strong></span> <span class='ocrx_word' id='word_1_54' title='bbox 753 1121 806 1181; x_wconf 90' lang='lat' dir='ltr'><strong>Sic</strong></span> <span class='ocrx_word' id='word_1_55' title='bbox 839 1118 947 1201; x_wconf 87' lang='lat' dir='ltr'><strong>itaque</strong></span> <span class='ocrx_word' id='word_1_56' title='bbox 986 1121 1181 1202; x_wconf 89' lang='lat' dir='ltr'><strong>complacuit</strong></span> 
     </span>
     <span class='ocr_line' id='line_1_10' title="bbox 91 1202 1181 1286; baseline 0 -22"><span class='ocrx_word' id='word_1_57' title='bbox 91 1216 172 1286; x_wconf 85' lang='lat' dir='ltr'><strong>atque</strong></span> <span class='ocrx_word' id='word_1_58' title='bbox 192 1205 345 1264; x_wconf 86' lang='lat' dir='ltr'><strong>convenit</strong></span> <span class='ocrx_word' id='word_1_59' title='bbox 367 1205 452 1264; x_wconf 91' lang='lat' dir='ltr'><strong>inter</strong></span> <span class='ocrx_word' id='word_1_60' title='bbox 472 1203 565 1263; x_wconf 90' lang='lat' dir='ltr'><strong>illum</strong></span> <span class='ocrx_word' id='word_1_61' title='bbox 585 1202 738 1263; x_wconf 84' lang='lat' dir='ltr'><strong>Abbatem</strong></span> <span class='ocrx_word' id='word_1_62' title='bbox 759 1224 832 1263; x_wconf 88' lang='lat' dir='ltr'><strong>cum</strong></span> <span class='ocrx_word' id='word_1_63' title='bbox 848 1202 1010 1264; x_wconf 81' lang='lat' dir='ltr'><strong>Advocato</strong></span> <span class='ocrx_word' id='word_1_64' title='bbox 1032 1224 1101 1280; x_wconf 92' lang='lat' dir='ltr'><strong>suo,</strong></span> <span class='ocrx_word' id='word_1_65' title='bbox 1122 1225 1181 1264; x_wconf 85' lang='lat' dir='ltr'><strong>seu</strong></span> 
     </span>
     <span class='ocr_line' id='line_1_11' title="bbox 88 1283 1180 1363; baseline -0.002 -15"><span class='ocrx_word' id='word_1_66' title='bbox 88 1287 222 1348; x_wconf 88' lang='lat' dir='ltr'><strong>coenobii</strong></span> <span class='ocrx_word' id='word_1_67' title='bbox 243 1286 345 1363; x_wconf 85' lang='lat' dir='ltr'><strong>illius,</strong></span> <span class='ocrx_word' id='word_1_68' title='bbox 369 1307 426 1346; x_wconf 87' lang='lat' dir='ltr'><strong>sen</strong></span> <span class='ocrx_word' id='word_1_69' title='bbox 448 1286 534 1346; x_wconf 89' lang='lat' dir='ltr'><strong>iuter</strong></span> <span class='ocrx_word' id='word_1_70' title='bbox 561 1285 640 1345; x_wconf 88' lang='lat' dir='ltr'><strong>alios</strong></span> <span class='ocrx_word' id='word_1_71' title='bbox 671 1284 829 1346; x_wconf 87' lang='lat' dir='ltr'><strong>seculares</strong></span> <span class='ocrx_word' id='word_1_72' title='bbox 860 1283 946 1346; x_wconf 89' lang='lat' dir='ltr'><strong>iuter</strong></span> <span class='ocrx_word' id='word_1_73' title='bbox 972 1285 1065 1346; x_wconf 89' lang='lat' dir='ltr'><strong>ilium</strong></span> <span class='ocrx_word' id='word_1_74' title='bbox 1089 1296 1122 1346; x_wconf 91' lang='lat' dir='ltr'><strong>et</strong></span> <span class='ocrx_word' id='word_1_75' title='bbox 1142 1285 1180 1345; x_wconf 63' lang='lat' dir='ltr'><strong>itss</strong></span> 
     </span>
     <span class='ocr_line' id='line_1_12' title="bbox 84 1366 1180 1448; baseline -0.002 -20"><span class='ocrx_word' id='word_1_76' title='bbox 84 1370 143 1428; x_wconf 87' lang='lat' dir='ltr'><strong>ium</strong></span> <span class='ocrx_word' id='word_1_77' title='bbox 163 1379 196 1429; x_wconf 92' lang='lat' dir='ltr'><strong>ut</strong></span> <span class='ocrx_word' id='word_1_78' title='bbox 217 1368 340 1429; x_wconf 87' lang='lat' dir='ltr'><strong>similas</strong></span> <span class='ocrx_word' id='word_1_79' title='bbox 362 1367 525 1428; x_wconf 85' lang='lat' dir='ltr'><strong>firmitates</strong></span> <span class='ocrx_word' id='word_1_80' title='bbox 553 1366 686 1448; x_wconf 87' lang='lat' dir='ltr'><strong>parique</strong></span> <span class='ocrx_word' id='word_1_81' title='bbox 709 1375 820 1426; x_wconf 89' lang='lat' dir='ltr'><strong>tenore</strong></span> <span class='ocrx_word' id='word_1_82' title='bbox 850 1367 1044 1448; x_wconf 88' lang='lat' dir='ltr'><strong>conscriptus</strong></span> <span class='ocrx_word' id='word_1_83' title='bbox 1065 1367 1180 1428; x_wconf 85' lang='lat' dir='ltr'><strong>cambii</strong></span> 
     </span>
     <span class='ocr_line' id='line_1_13' title="bbox 83 1449 1199 1529; baseline -0.002 -17"><span class='ocrx_word' id='word_1_84' title='bbox 83 1451 126 1512; x_wconf 91' lang='lat' dir='ltr'><strong>sui</strong></span> <span class='ocrx_word' id='word_1_85' title='bbox 146 1450 339 1510; x_wconf 81' lang='lat' dir='ltr'><strong>emitterent.</strong></span> <span class='ocrx_word' id='word_1_86' title='bbox 382 1453 468 1527; x_wconf 86' lang='lat' dir='ltr'><strong>Quas</strong></span> <span class='ocrx_word' id='word_1_87' title='bbox 485 1457 518 1510; x_wconf 91' lang='lat' dir='ltr'><strong>et</strong></span> <span class='ocrx_word' id='word_1_88' title='bbox 541 1449 725 1510; x_wconf 88' lang='lat' dir='ltr'><strong>emiserunt.</strong></span> <span class='ocrx_word' id='word_1_89' title='bbox 767 1449 874 1529; x_wconf 86' lang='lat' dir='ltr'><strong>ipsum</strong></span> <span class='ocrx_word' id='word_1_90' title='bbox 896 1458 1002 1508; x_wconf 88' lang='lat' dir='ltr'><strong>autem</strong></span> <span class='ocrx_word' id='word_1_91' title='bbox 1024 1449 1199 1520; x_wconf 67' lang='lat' dir='ltr'><strong>cambium,</strong></span> 
     </span>
     <span class='ocr_line' id='line_1_14' title="bbox 82 1529 1182 1601; baseline 0.004 -11"><span class='ocrx_word' id='word_1_92' title='bbox 82 1535 112 1590; x_wconf 91' lang='lat' dir='ltr'><strong>in</strong></span> <span class='ocrx_word' id='word_1_93' title='bbox 133 1533 257 1593; x_wconf 87' lang='lat' dir='ltr'><strong>easdem</strong></span> <span class='ocrx_word' id='word_1_94' title='bbox 279 1532 440 1593; x_wconf 88' lang='lat' dir='ltr'><strong>firmitatis</strong></span> <span class='ocrx_word' id='word_1_95' title='bbox 462 1532 646 1592; x_wconf 84' lang='lat' dir='ltr'><strong>emissiones</strong></span> <span class='ocrx_word' id='word_1_96' title='bbox 667 1530 858 1591; x_wconf 88' lang='lat' dir='ltr'><strong>nominatim</strong></span> <span class='ocrx_word' id='word_1_97' title='bbox 883 1529 986 1590; x_wconf 82' lang='lat' dir='ltr'><strong>risum</strong></span> <span class='ocrx_word' id='word_1_98' title='bbox 1014 1541 1062 1594; x_wconf 86' lang='lat' dir='ltr'><strong>est</strong></span> <span class='ocrx_word' id='word_1_99' title='bbox 1085 1532 1182 1601; x_wconf 64' lang='lat' dir='ltr'><strong>⁴nobis</strong></span> 
     </span>
     <span class='ocr_line' id='line_1_15' title="bbox 80 1613 1179 1694; baseline 0.004 -22"><span class='ocrx_word' id='word_1_100' title='bbox 80 1615 290 1680; x_wconf 87' lang='lat' dir='ltr'><strong>inserendum.</strong></span> <span class='ocrx_word' id='word_1_101' title='bbox 342 1614 468 1675; x_wconf 89' lang='lat' dir='ltr'><strong>Deinde</strong></span> <span class='ocrx_word' id='word_1_102' title='bbox 499 1634 635 1694; x_wconf 87' lang='lat' dir='ltr'><strong>numque</strong></span> <span class='ocrx_word' id='word_1_103' title='bbox 663 1622 857 1673; x_wconf 88' lang='lat' dir='ltr'><strong>memoratus</strong></span> <span class='ocrx_word' id='word_1_104' title='bbox 884 1613 987 1674; x_wconf 82' lang='lat' dir='ltr'><strong>Abbas</strong></span> <span class='ocrx_word' id='word_1_105' title='bbox 1017 1636 1075 1675; x_wconf 88' lang='lat' dir='ltr'><strong>seu</strong></span> <span class='ocrx_word' id='word_1_106' title='bbox 1096 1615 1179 1676; x_wconf 86' lang='lat' dir='ltr'><strong>alius</strong></span> 
     </span>
     <span class='ocr_line' id='line_1_16' title="bbox 80 1693 1182 1758; baseline 0 -2"><span class='ocrx_word' id='word_1_107' title='bbox 80 1719 147 1756; x_wconf 89' lang='lat' dir='ltr'><strong>curn</strong></span> <span class='ocrx_word' id='word_1_108' title='bbox 175 1711 275 1758; x_wconf 89' lang='lat' dir='ltr'><strong>man&#39;u</strong></span> <span class='ocrx_word' id='word_1_109' title='bbox 310 1696 467 1757; x_wconf 81' lang='lat' dir='ltr'><strong>Advocati</strong></span> <span class='ocrx_word' id='word_1_110' title='bbox 502 1697 552 1756; x_wconf 88' lang='lat' dir='ltr'><strong>sui</strong></span> <span class='ocrx_word' id='word_1_111' title='bbox 591 1694 741 1755; x_wconf 85' lang='lat' dir='ltr'><strong>iamdicto</strong></span> <span class='ocrx_word' id='word_1_112' title='bbox 777 1693 900 1755; x_wconf 90' lang='lat' dir='ltr'><strong>homini</strong></span> <span class='ocrx_word' id='word_1_113' title='bbox 938 1696 996 1757; x_wconf 90' lang='lat' dir='ltr'><strong>illo</strong></span> <span class='ocrx_word' id='word_1_114' title='bbox 1033 1696 1066 1756; x_wconf 89' lang='lat' dir='ltr'><strong>in</strong></span> <span class='ocrx_word' id='word_1_115' title='bbox 1102 1697 1182 1758; x_wconf 76' lang='lat' dir='ltr'><strong>villa</strong></span> 
     </span>
     <span class='ocr_line' id='line_1_17' title="bbox 79 1777 1180 1860; baseline 0.003 -23"><span class='ocrx_word' id='word_1_116' title='bbox 79 1789 256 1860; x_wconf 78' lang='lat' dir='ltr'><strong>nuncupata</strong></span> <span class='ocrx_word' id='word_1_117' title='bbox 280 1778 397 1840; x_wconf 88' lang='lat' dir='ltr'><strong>Iucbos</strong></span> <span class='ocrx_word' id='word_1_118' title='bbox 418 1789 450 1838; x_wconf 90' lang='lat' dir='ltr'><strong>et</strong></span> <span class='ocrx_word' id='word_1_119' title='bbox 471 1777 510 1839; x_wconf 90' lang='lat' dir='ltr'><strong>de</strong></span> <span class='ocrx_word' id='word_1_120' title='bbox 531 1778 628 1860; x_wconf 89' lang='lat' dir='ltr'><strong>pratis</strong></span> <span class='ocrx_word' id='word_1_121' title='bbox 649 1779 689 1838; x_wconf 86' lang='lat' dir='ltr'><strong>ud</strong></span> <span class='ocrx_word' id='word_1_122' title='bbox 715 1777 859 1838; x_wconf 88' lang='lat' dir='ltr'><strong>carradas</strong></span> <span class='ocrx_word' id='word_1_123' title='bbox 882 1777 921 1837; x_wconf 93' lang='lat' dir='ltr'><strong>ad</strong></span> <span class='ocrx_word' id='word_1_124' title='bbox 943 1778 991 1839; x_wconf 87' lang='lat' dir='ltr'><strong>ius</strong></span> <span class='ocrx_word' id='word_1_125' title='bbox 1012 1778 1180 1860; x_wconf 83' lang='lat' dir='ltr'><strong>pertinens</strong></span> 
     </span>
     <span class='ocr_line' id='line_1_18' title="bbox 79 1859 1180 1942; baseline 0.002 -22"><span class='ocrx_word' id='word_1_126' title='bbox 79 1860 180 1920; x_wconf 79' lang='lat' dir='ltr'><strong>Sancti</strong></span> <span class='ocrx_word' id='word_1_127' title='bbox 201 1861 296 1922; x_wconf 88' lang='lat' dir='ltr'><strong>iliius</strong></span> <span class='ocrx_word' id='word_1_128' title='bbox 319 1871 351 1921; x_wconf 89' lang='lat' dir='ltr'><strong>et</strong></span> <span class='ocrx_word' id='word_1_129' title='bbox 373 1861 497 1941; x_wconf 86' lang='lat' dir='ltr'><strong>aceepit</strong></span> <span class='ocrx_word' id='word_1_130' title='bbox 524 1861 564 1919; x_wconf 86' lang='lat' dir='ltr'><strong>ab</strong></span> <span class='ocrx_word' id='word_1_131' title='bbox 592 1860 651 1919; x_wconf 91' lang='lat' dir='ltr'><strong>illo</strong></span> <span class='ocrx_word' id='word_1_132' title='bbox 680 1859 714 1918; x_wconf 91' lang='lat' dir='ltr'><strong>iu</strong></span> <span class='ocrx_word' id='word_1_133' title='bbox 745 1859 823 1918; x_wconf 85' lang='lat' dir='ltr'><strong>villa</strong></span> <span class='ocrx_word' id='word_1_134' title='bbox 854 1870 1036 1942; x_wconf 87' lang='lat' dir='ltr'><strong>nuncupata</strong></span> <span class='ocrx_word' id='word_1_135' title='bbox 1064 1859 1180 1922; x_wconf 83' lang='lat' dir='ltr'><strong>i&#39;uobos</strong></span> 
     </span>
     <span class='ocr_line' id='line_1_19' title="bbox 80 1941 1180 2084; baseline -0.002 -80"><span class='ocrx_word' id='word_1_136' title='bbox 80 1953 108 2004; x_wconf 88' lang='lat' dir='ltr'><strong>et</strong></span> <span class='ocrx_word' id='word_1_137' title='bbox 133 1943 170 2003; x_wconf 86' lang='lat' dir='ltr'><strong>de</strong></span> <span class='ocrx_word' id='word_1_138' title='bbox 191 1944 295 2028; x_wconf 89' lang='lat' dir='ltr'><strong>pratis</strong></span> <span class='ocrx_word' id='word_1_139' title='bbox 318 1944 358 2002; x_wconf 89' lang='lat' dir='ltr'><strong>ad</strong></span> <span class='ocrx_word' id='word_1_140' title='bbox 379 1943 534 2084; x_wconf 52' lang='lat' dir='ltr'><strong>carragas,</strong></span> <span class='ocrx_word' id='word_1_141' title='bbox 556 1964 592 2003; x_wconf 91' lang='lat' dir='ltr'><strong>ea</strong></span> <span class='ocrx_word' id='word_1_142' title='bbox 614 1942 769 2002; x_wconf 77' lang='lat' dir='ltr'><strong>duntaxat</strong></span> <span class='ocrx_word' id='word_1_143' title='bbox 794 1941 919 2002; x_wconf 86' lang='lat' dir='ltr'><strong>ratione</strong></span> <span class='ocrx_word' id='word_1_144' title='bbox 941 1953 977 2002; x_wconf 88' lang='lat' dir='ltr'><strong>ut</strong></span> <span class='ocrx_word' id='word_1_145' title='bbox 996 1964 1068 2023; x_wconf 90' lang='lat' dir='ltr'><strong>pars</strong></span> <span class='ocrx_word' id='word_1_146' title='bbox 1090 1953 1180 2002; x_wconf 88' lang='lat' dir='ltr'><strong>utra-</strong></span> 
     </span>
     <span class='ocr_line' id='line_1_20' title="bbox 79 2024 1180 2107; baseline -0.001 -24"><span class='ocrx_word' id='word_1_147' title='bbox 79 2045 134 2106; x_wconf 85' lang='lat' dir='ltr'><strong>que</strong></span> <span class='ocrx_word' id='word_1_148' title='bbox 162 2035 316 2107; x_wconf 85' lang='lat' dir='ltr'><strong>acceptae</strong></span> <span class='ocrx_word' id='word_1_149' title='bbox 338 2026 386 2085; x_wconf 93' lang='lat' dir='ltr'><strong>ius</strong></span> <span class='ocrx_word' id='word_1_150' title='bbox 409 2046 474 2086; x_wconf 90' lang='lat' dir='ltr'><strong>cam</strong></span> <span class='ocrx_word' id='word_1_151' title='bbox 500 2024 607 2084; x_wconf 89' lang='lat' dir='ltr'><strong>itiouis</strong></span> <span class='ocrx_word' id='word_1_152' title='bbox 632 2024 784 2104; x_wconf 91' lang='lat' dir='ltr'><strong>deinceps</strong></span> <span class='ocrx_word' id='word_1_153' title='bbox 814 2024 1040 2085; x_wconf 88' lang='lat' dir='ltr'><strong>inconvulsum</strong></span> <span class='ocrx_word' id='word_1_154' title='bbox 1067 2036 1098 2085; x_wconf 90' lang='lat' dir='ltr'><strong>et</strong></span> <span class='ocrx_word' id='word_1_155' title='bbox 1127 2024 1180 2082; x_wconf 91' lang='lat' dir='ltr'><strong>iu-</strong></span> 
     </span>
     <span class='ocr_line' id='line_1_21' title="bbox 79 2103 1179 2189; baseline 0 -23"><span class='ocrx_word' id='word_1_156' title='bbox 79 2108 220 2169; x_wconf 78' lang='lat' dir='ltr'><strong>violabile</strong></span> <span class='ocrx_word' id='word_1_157' title='bbox 251 2107 451 2188; x_wconf 86' lang='lat' dir='ltr'><strong>perennibus</strong></span> <span class='ocrx_word' id='word_1_158' title='bbox 472 2103 667 2189; x_wconf 88' lang='lat' dir='ltr'><strong>temporibus</strong></span> <span class='ocrx_word' id='word_1_159' title='bbox 688 2106 807 2186; x_wconf 91' lang='lat' dir='ltr'><strong>absque</strong></span> <span class='ocrx_word' id='word_1_160' title='bbox 829 2107 928 2166; x_wconf 86' lang='lat' dir='ltr'><strong>ullius</strong></span> <span class='ocrx_word' id='word_1_161' title='bbox 950 2106 1179 2188; x_wconf 89' lang='lat' dir='ltr'><strong>inquietudine</strong></span> 
     </span>
     <span class='ocr_line' id='line_1_22' title="bbox 81 2187 1179 2272; baseline -0.001 -24"><span class='ocrx_word' id='word_1_162' title='bbox 81 2190 126 2248; x_wconf 79' lang='lat' dir='ltr'><strong>rel</strong></span> <span class='ocrx_word' id='word_1_163' title='bbox 144 2190 340 2272; x_wconf 88' lang='lat' dir='ltr'><strong>repetitione</strong></span> <span class='ocrx_word' id='word_1_164' title='bbox 362 2191 536 2269; x_wconf 87' lang='lat' dir='ltr'><strong>possideat;</strong></span> <span class='ocrx_word' id='word_1_165' title='bbox 562 2189 672 2268; x_wconf 90' lang='lat' dir='ltr'><strong>sicque</strong></span> <span class='ocrx_word' id='word_1_166' title='bbox 693 2188 762 2268; x_wconf 86' lang='lat' dir='ltr'><strong>pari</strong></span> <span class='ocrx_word' id='word_1_167' title='bbox 784 2187 981 2248; x_wconf 86' lang='lat' dir='ltr'><strong>diffinitione</strong></span> <span class='ocrx_word' id='word_1_168' title='bbox 1004 2197 1179 2250; x_wconf 83' lang='lat' dir='ltr'><strong>sanxerunt</strong></span> 
     </span>
     <span class='ocr_line' id='line_1_23' title="bbox 81 2270 1178 2352; baseline 0.002 -23"><span class='ocrx_word' id='word_1_169' title='bbox 81 2279 111 2329; x_wconf 91' lang='lat' dir='ltr'><strong>ut</strong></span> <span class='ocrx_word' id='word_1_170' title='bbox 136 2271 161 2331; x_wconf 89' lang='lat' dir='ltr'><strong>si</strong></span> <span class='ocrx_word' id='word_1_171' title='bbox 186 2293 258 2352; x_wconf 89' lang='lat' dir='ltr'><strong>pars</strong></span> <span class='ocrx_word' id='word_1_172' title='bbox 283 2272 447 2351; x_wconf 88' lang='lat' dir='ltr'><strong>quaelibet</strong></span> <span class='ocrx_word' id='word_1_173' title='bbox 468 2272 543 2331; x_wconf 84' lang='lat' dir='ltr'><strong>exin</strong></span> <span class='ocrx_word' id='word_1_174' title='bbox 567 2270 759 2331; x_wconf 89' lang='lat' dir='ltr'><strong>calumniam</strong></span> <span class='ocrx_word' id='word_1_175' title='bbox 780 2272 945 2351; x_wconf 80' lang='lat' dir='ltr'><strong>ingerere,</strong></span> <span class='ocrx_word' id='word_1_176' title='bbox 967 2270 1029 2332; x_wconf 92' lang='lat' dir='ltr'><strong>hoc</strong></span> <span class='ocrx_word' id='word_1_177' title='bbox 1057 2282 1122 2348; x_wconf 89' lang='lat' dir='ltr'><strong>est,</strong></span> <span class='ocrx_word' id='word_1_178' title='bbox 1150 2270 1178 2332; x_wconf 87' lang='lat' dir='ltr'><strong>si</strong></span> 
     </span>
     <span class='ocr_line' id='line_1_24' title="bbox 81 2352 1177 2433; baseline 0.004 -23"><span class='ocrx_word' id='word_1_179' title='bbox 81 2363 128 2412; x_wconf 91' lang='lat' dir='ltr'><strong>aut</strong></span> <span class='ocrx_word' id='word_1_180' title='bbox 148 2363 343 2414; x_wconf 86' lang='lat' dir='ltr'><strong>memoratus</strong></span> <span class='ocrx_word' id='word_1_181' title='bbox 364 2355 479 2430; x_wconf 87' lang='lat' dir='ltr'><strong>Abbas,</strong></span> <span class='ocrx_word' id='word_1_182' title='bbox 502 2375 558 2414; x_wconf 90' lang='lat' dir='ltr'><strong>seu</strong></span> <span class='ocrx_word' id='word_1_183' title='bbox 573 2373 771 2413; x_wconf 86' lang='lat' dir='ltr'><strong>successores</strong></span> <span class='ocrx_word' id='word_1_184' title='bbox 788 2352 897 2433; x_wconf 89' lang='lat' dir='ltr'><strong>ipsius,</strong></span> <span class='ocrx_word' id='word_1_185' title='bbox 919 2354 985 2413; x_wconf 81' lang='lat' dir='ltr'><strong>sive</strong></span> <span class='ocrx_word' id='word_1_186' title='bbox 1009 2355 1177 2415; x_wconf 90' lang='lat' dir='ltr'><strong>iamdictus</strong></span> 
     </span>
     <span class='ocr_line' id='line_1_25' title="bbox 80 2434 1179 2517; baseline 0.005 -25"><span class='ocrx_word' id='word_1_187' title='bbox 80 2435 130 2494; x_wconf 87' lang='lat' dir='ltr'><strong>ille</strong></span> <span class='ocrx_word' id='word_1_188' title='bbox 151 2437 202 2496; x_wconf 85' lang='lat' dir='ltr'><strong>rel</strong></span> <span class='ocrx_word' id='word_1_189' title='bbox 223 2436 315 2496; x_wconf 87' lang='lat' dir='ltr'><strong>illius</strong></span> <span class='ocrx_word' id='word_1_190' title='bbox 337 2435 471 2496; x_wconf 87' lang='lat' dir='ltr'><strong>heredes</strong></span> <span class='ocrx_word' id='word_1_191' title='bbox 490 2436 628 2517; x_wconf 89' lang='lat' dir='ltr'><strong>aliquam</strong></span> <span class='ocrx_word' id='word_1_192' title='bbox 648 2434 872 2514; x_wconf 87' lang='lat' dir='ltr'><strong>repetitionem</strong></span> <span class='ocrx_word' id='word_1_193' title='bbox 893 2436 1006 2496; x_wconf 88' lang='lat' dir='ltr'><strong>molire</strong></span> <span class='ocrx_word' id='word_1_194' title='bbox 1030 2446 1179 2498; x_wconf 80' lang='lat' dir='ltr'><strong>tentare-</strong></span> 
     </span>
     <span class='ocr_line' id='line_1_26' title="bbox 80 2515 1181 2601; baseline 0.002 -25"><span class='ocrx_word' id='word_1_195' title='bbox 80 2517 149 2587; x_wconf 88' lang='lat' dir='ltr'><strong>rint‚</strong></span> <span class='ocrx_word' id='word_1_196' title='bbox 170 2519 211 2579; x_wconf 89' lang='lat' dir='ltr'><strong>sit</strong></span> <span class='ocrx_word' id='word_1_197' title='bbox 225 2529 308 2578; x_wconf 89' lang='lat' dir='ltr'><strong>tune</strong></span> <span class='ocrx_word' id='word_1_198' title='bbox 329 2539 398 2598; x_wconf 88' lang='lat' dir='ltr'><strong>pars</strong></span> <span class='ocrx_word' id='word_1_199' title='bbox 417 2520 499 2598; x_wconf 88' lang='lat' dir='ltr'><strong>parti</strong></span> <span class='ocrx_word' id='word_1_200' title='bbox 520 2526 644 2577; x_wconf 89' lang='lat' dir='ltr'><strong>tantum</strong></span> <span class='ocrx_word' id='word_1_201' title='bbox 665 2515 834 2596; x_wconf 87' lang='lat' dir='ltr'><strong>culpabilis</strong></span> <span class='ocrx_word' id='word_1_202' title='bbox 855 2527 1010 2598; x_wconf 89' lang='lat' dir='ltr'><strong>quantum</strong></span> <span class='ocrx_word' id='word_1_203' title='bbox 1031 2529 1181 2601; x_wconf 81' lang='lat' dir='ltr'><strong>repetere</strong></span> 
     </span>
     <span class='ocr_line' id='line_1_27' title="bbox 80 2599 1176 2682; baseline 0.002 -26"><span class='ocrx_word' id='word_1_204' title='bbox 80 2601 342 2682; x_wconf 85' lang='lat' dir='ltr'><strong>praesumpserit,</strong></span> <span class='ocrx_word' id='word_1_205' title='bbox 365 2610 397 2660; x_wconf 90' lang='lat' dir='ltr'><strong>et</strong></span> <span class='ocrx_word' id='word_1_206' title='bbox 419 2602 450 2659; x_wconf 92' lang='lat' dir='ltr'><strong>in</strong></span> <span class='ocrx_word' id='word_1_207' title='bbox 477 2600 634 2659; x_wconf 87' lang='lat' dir='ltr'><strong>aerarium</strong></span> <span class='ocrx_word' id='word_1_208' title='bbox 655 2600 749 2681; x_wconf 87' lang='lat' dir='ltr'><strong>Regis</strong></span> <span class='ocrx_word' id='word_1_209' title='bbox 771 2599 840 2659; x_wconf 87' lang='lat' dir='ltr'><strong>auri</strong></span> <span class='ocrx_word' id='word_1_210' title='bbox 863 2600 971 2661; x_wconf 90' lang='lat' dir='ltr'><strong>uncias</strong></span> <span class='ocrx_word' id='word_1_211' title='bbox 995 2610 1058 2662; x_wconf 90' lang='lat' dir='ltr'><strong>tres</strong></span> <span class='ocrx_word' id='word_1_212' title='bbox 1081 2621 1176 2680; x_wconf 89' lang='lat' dir='ltr'><strong>coga-</strong></span> 
     </span>
     <span class='ocr_line' id='line_1_28' title="bbox 81 2681 1177 2763; baseline 0.002 -25"><span class='ocrx_word' id='word_1_213' title='bbox 81 2691 128 2738; x_wconf 89' lang='lat' dir='ltr'><strong>tur</strong></span> <span class='ocrx_word' id='word_1_214' title='bbox 153 2683 359 2763; x_wconf 84' lang='lat' dir='ltr'><strong>impendere,</strong></span> <span class='ocrx_word' id='word_1_215' title='bbox 391 2683 447 2742; x_wconf 89' lang='lat' dir='ltr'><strong>sed</strong></span> <span class='ocrx_word' id='word_1_216' title='bbox 479 2681 688 2740; x_wconf 87' lang='lat' dir='ltr'><strong>nihilominus</strong></span> <span class='ocrx_word' id='word_1_217' title='bbox 720 2703 870 2761; x_wconf 88' lang='lat' dir='ltr'><strong>praesens</strong></span> <span class='ocrx_word' id='word_1_218' title='bbox 900 2683 1025 2744; x_wconf 89' lang='lat' dir='ltr'><strong>emissio</strong></span> <span class='ocrx_word' id='word_1_219' title='bbox 1061 2681 1177 2744; x_wconf 87' lang='lat' dir='ltr'><strong>cambii</strong></span> 
     </span>
     <span class='ocr_line' id='line_1_29' title="bbox 82 2763 1175 2845; baseline 0.003 -25"><span class='ocrx_word' id='word_1_220' title='bbox 82 2763 143 2823; x_wconf 87' lang='lat' dir='ltr'><strong>eius</strong></span> <span class='ocrx_word' id='word_1_221' title='bbox 162 2765 323 2845; x_wconf 81' lang='lat' dir='ltr'><strong>perpetim</strong></span> <span class='ocrx_word' id='word_1_222' title='bbox 344 2763 392 2824; x_wconf 88' lang='lat' dir='ltr'><strong>sui</strong></span> <span class='ocrx_word' id='word_1_223' title='bbox 415 2765 533 2845; x_wconf 84' lang='lat' dir='ltr'><strong>rigoris</strong></span> <span class='ocrx_word' id='word_1_224' title='bbox 556 2763 697 2824; x_wconf 87' lang='lat' dir='ltr'><strong>obtineat</strong></span> <span class='ocrx_word' id='word_1_225' title='bbox 725 2764 922 2837; x_wconf 81' lang='lat' dir='ltr'><strong>firmitatem,</strong></span> <span class='ocrx_word' id='word_1_226' title='bbox 945 2766 988 2824; x_wconf 88' lang='lat' dir='ltr'><strong>ita</strong></span> <span class='ocrx_word' id='word_1_227' title='bbox 1021 2765 1175 2826; x_wconf 82' lang='lat' dir='ltr'><strong>duntaxat</strong></span> 
     </span>
     <span class='ocr_line' id='line_1_30' title="bbox 83 2843 1174 2928; baseline 0.005 -27"><span class='ocrx_word' id='word_1_228' title='bbox 83 2844 104 2902; x_wconf 89' lang='lat' dir='ltr'><strong>si</strong></span> <span class='ocrx_word' id='word_1_229' title='bbox 123 2843 326 2928; x_wconf 84' lang='lat' dir='ltr'><strong>Imperatoris</strong></span> <span class='ocrx_word' id='word_1_230' title='bbox 347 2847 534 2906; x_wconf 78' lang='lat' dir='ltr'><strong>clementiae</strong></span> <span class='ocrx_word' id='word_1_231' title='bbox 555 2847 794 2924; x_wconf 86' lang='lat' dir='ltr'><strong>complacuerit.</strong></span> <span class='ocrx_word' id='word_1_232' title='bbox 836 2845 950 2904; x_wconf 84' lang='lat' dir='ltr'><strong>Actum</strong></span> <span class='ocrx_word' id='word_1_233' title='bbox 968 2848 1001 2904; x_wconf 91' lang='lat' dir='ltr'><strong>in</strong></span> <span class='ocrx_word' id='word_1_234' title='bbox 1025 2848 1082 2908; x_wconf 87' lang='lat' dir='ltr'><strong>ilio</strong></span> <span class='ocrx_word' id='word_1_235' title='bbox 1102 2850 1174 2907; x_wconf 90' lang='lat' dir='ltr'><strong>loco</strong></span> 
     </span>
     <span class='ocr_line' id='line_1_31' title="bbox 79 2927 1174 3008; baseline 0.001 -23"><span class='ocrx_word' id='word_1_236' title='bbox 79 2929 293 3005; x_wconf 85' lang='lat' dir='ltr'><strong>praesentibus</strong></span> <span class='ocrx_word' id='word_1_237' title='bbox 322 2929 399 2988; x_wconf 89' lang='lat' dir='ltr'><strong>istis.</strong></span> <span class='ocrx_word' id='word_1_238' title='bbox 442 2930 576 3008; x_wconf 81' lang='lat' dir='ltr'><strong>Signum</strong></span> <span class='ocrx_word' id='word_1_239' title='bbox 606 2928 693 2987; x_wconf 86' lang='lat' dir='ltr'><strong>iilius</strong></span> <span class='ocrx_word' id='word_1_240' title='bbox 721 2927 851 2986; x_wconf 84' lang='lat' dir='ltr'><strong>Abbatis</strong></span> <span class='ocrx_word' id='word_1_241' title='bbox 882 2936 913 2987; x_wconf 88' lang='lat' dir='ltr'><strong>et</strong></span> <span class='ocrx_word' id='word_1_242' title='bbox 941 2929 1095 2989; x_wconf 84' lang='lat' dir='ltr'><strong>Advocati</strong></span> <span class='ocrx_word' id='word_1_243' title='bbox 1123 2928 1174 2988; x_wconf 88' lang='lat' dir='ltr'><strong>sui</strong></span> 
     </span>
     <span class='ocr_line' id='line_1_32' title="bbox 82 3009 1179 3092; baseline 0.002 -27"><span class='ocrx_word' id='word_1_244' title='bbox 82 3009 170 3069; x_wconf 83' lang='lat' dir='ltr'><strong>iilius.</strong></span> <span class='ocrx_word' id='word_1_245' title='bbox 211 3011 349 3092; x_wconf 81' lang='lat' dir='ltr'><strong>Signum</strong></span> <span class='ocrx_word' id='word_1_246' title='bbox 377 3010 616 3071; x_wconf 87' lang='lat' dir='ltr'><strong>iiliusDecani.</strong></span> <span class='ocrx_word' id='word_1_247' title='bbox 658 3010 793 3088; x_wconf 78' lang='lat' dir='ltr'><strong>Signum</strong></span> <span class='ocrx_word' id='word_1_248' title='bbox 811 3009 997 3088; x_wconf 89' lang='lat' dir='ltr'><strong>Praepositi.</strong></span> <span class='ocrx_word' id='word_1_249' title='bbox 1040 3013 1179 3091; x_wconf 83' lang='lat' dir='ltr'><strong>Signum.</strong></span> 
     </span>
     <span class='ocr_line' id='line_1_33' title="bbox 83 3090 1174 3174; baseline 0.002 -26"><span class='ocrx_word' id='word_1_250' title='bbox 83 3092 252 3157; x_wconf 83' lang='lat' dir='ltr'><strong>Ceilarurii.</strong></span> <span class='ocrx_word' id='word_1_251' title='bbox 307 3094 441 3173; x_wconf 79' lang='lat' dir='ltr'><strong>Signum</strong></span> <span class='ocrx_word' id='word_1_252' title='bbox 470 3092 622 3156; x_wconf 83' lang='lat' dir='ltr'><strong>Castoris.</strong></span> <span class='ocrx_word' id='word_1_253' title='bbox 676 3092 811 3170; x_wconf 86' lang='lat' dir='ltr'><strong>Signum</strong></span> <span class='ocrx_word' id='word_1_254' title='bbox 838 3090 984 3149; x_wconf 89' lang='lat' dir='ltr'><strong>Portarii.</strong></span> <span class='ocrx_word' id='word_1_255' title='bbox 1039 3094 1174 3174; x_wconf 83' lang='lat' dir='ltr'><strong>Signum</strong></span> 
     </span>
     <span class='ocr_line' id='line_1_34' title="bbox 83 3172 1174 3255; baseline 0.003 -27"><span class='ocrx_word' id='word_1_256' title='bbox 83 3172 257 3234; x_wconf 87' lang='lat' dir='ltr'><strong>Camerarii.</strong></span> <span class='ocrx_word' id='word_1_257' title='bbox 310 3175 443 3255; x_wconf 89' lang='lat' dir='ltr'><strong>Signum</strong></span> <span class='ocrx_word' id='word_1_258' title='bbox 474 3174 656 3255; x_wconf 86' lang='lat' dir='ltr'><strong>Hospitarii.</strong></span> <span class='ocrx_word' id='word_1_259' title='bbox 711 3174 846 3253; x_wconf 84' lang='lat' dir='ltr'><strong>Signum</strong></span> <span class='ocrx_word' id='word_1_260' title='bbox 873 3172 1010 3230; x_wconf 87' lang='lat' dir='ltr'><strong>aliorum</strong></span> <span class='ocrx_word' id='word_1_261' title='bbox 1036 3175 1174 3238; x_wconf 82' lang='lat' dir='ltr'><strong>testium.</strong></span> 
     </span>
     <span class='ocr_line' id='line_1_35' title="bbox 82 3251 1179 3338; baseline 0.005 -27"><span class='ocrx_word' id='word_1_262' title='bbox 82 3253 141 3334; x_wconf 86' lang='lat' dir='ltr'><strong>Ego</strong></span> <span class='ocrx_word' id='word_1_263' title='bbox 161 3256 269 3338; x_wconf 84' lang='lat' dir='ltr'><strong>itaque</strong></span> <span class='ocrx_word' id='word_1_264' title='bbox 291 3257 460 3317; x_wconf 88' lang='lat' dir='ltr'><strong>immerens</strong></span> <span class='ocrx_word' id='word_1_265' title='bbox 478 3257 639 3316; x_wconf 83' lang='lat' dir='ltr'><strong>Diacouus</strong></span> <span class='ocrx_word' id='word_1_266' title='bbox 661 3276 744 3315; x_wconf 87' lang='lat' dir='ltr'><strong>auno</strong></span> <span class='ocrx_word' id='word_1_267' title='bbox 766 3253 822 3313; x_wconf 88' lang='lat' dir='ltr'><strong>iilo</strong></span> <span class='ocrx_word' id='word_1_268' title='bbox 845 3251 1045 3334; x_wconf 85' lang='lat' dir='ltr'><strong>imperatoris</strong></span> <span class='ocrx_word' id='word_1_269' title='bbox 1063 3257 1179 3336; x_wconf 86' lang='lat' dir='ltr'><strong>scripsi</strong></span> 
     </span>
     <span class='ocr_line' id='line_1_36' title="bbox 84 3337 1180 3415; baseline 0.003 -19"><span class='ocrx_word' id='word_1_270' title='bbox 84 3344 110 3392; x_wconf 85' lang='lat' dir='ltr'><strong>et</strong></span> <span class='ocrx_word' id='word_1_271' title='bbox 134 3339 313 3415; x_wconf 86' lang='lat' dir='ltr'><strong>subscripsi.</strong></span> <span class='ocrx_word' id='word_1_272' title='bbox 361 3338 475 3401; x_wconf 85' lang='lat' dir='ltr'><strong>Notavi</strong></span> <span class='ocrx_word' id='word_1_273' title='bbox 500 3337 585 3399; x_wconf 89' lang='lat' dir='ltr'><strong>diem</strong></span> <span class='ocrx_word' id='word_1_274' title='bbox 613 3339 728 3409; x_wconf 88' lang='lat' dir='ltr'><strong>iilum,</strong></span> <span class='ocrx_word' id='word_1_275' title='bbox 763 3337 854 3396; x_wconf 88' lang='lat' dir='ltr'><strong>illam</strong></span> <span class='ocrx_word' id='word_1_276' title='bbox 882 3337 1001 3415; x_wconf 88' lang='lat' dir='ltr'><strong>datam,</strong></span> <span class='ocrx_word' id='word_1_277' title='bbox 1033 3340 1091 3399; x_wconf 90' lang='lat' dir='ltr'><strong>sub</strong></span> <span class='ocrx_word' id='word_1_278' title='bbox 1115 3339 1180 3399; x_wconf 86' lang='lat' dir='ltr'><strong>illo.</strong></span> 
     </span>
     <span class='ocr_line' id='line_1_37' title="bbox 84 3417 361 3487; baseline 0.011 -11"><span class='ocrx_word' id='word_1_279' title='bbox 84 3417 205 3487; x_wconf 82' lang='lat' dir='ltr'><strong>Gemite.</strong></span> <span class='ocrx_word' id='word_1_280' title='bbox 249 3423 361 3486; x_wconf 79' lang='lat' dir='ltr'><strong>Amen.</strong></span> 
     </span>
    </p>
   </div>
   <div class='ocr_carea' id='block_1_5' title="bbox 466 3549 781 3612">
    <p class='ocr_par' dir='ltr' id='par_1_5' title="bbox 466 3549 781 3612">
     <span class='ocr_line' id='line_1_38' title="bbox 466 3549 781 3612; baseline 0.006 -2"><span class='ocrx_word' id='word_1_281' title='bbox 466 3549 651 3612; x_wconf 85' lang='lat' dir='ltr'><strong>Constitutio</strong></span> <span class='ocrx_word' id='word_1_282' title='bbox 687 3551 781 3612; x_wconf 84' lang='lat' dir='ltr'><strong>dotis.</strong></span> 
     </span>
    </p>
   </div>
   <div class='ocr_carea' id='block_1_6' title="bbox 81 3663 1178 4232">
    <p class='ocr_par' dir='ltr' id='par_1_6' title="bbox 81 3663 1178 4232">
     <span class='ocr_line' id='line_1_39' title="bbox 155 3663 1171 3746; baseline 0.006 -23"><span class='ocrx_word' id='word_1_283' title='bbox 155 3665 266 3733; x_wconf 79' lang='lat' dir='ltr'><strong>XLIX.</strong></span> <span class='ocrx_word' id='word_1_284' title='bbox 306 3665 497 3726; x_wconf 82' lang='lat' dir='ltr'><strong>Dulcissima</strong></span> <span class='ocrx_word' id='word_1_285' title='bbox 524 3663 643 3724; x_wconf 77' lang='lat' dir='ltr'><strong>coniux</strong></span> <span class='ocrx_word' id='word_1_286' title='bbox 665 3686 736 3724; x_wconf 90' lang='lat' dir='ltr'><strong>mea</strong></span> <span class='ocrx_word' id='word_1_287' title='bbox 758 3675 852 3746; x_wconf 81' lang='lat' dir='ltr'><strong>atque</strong></span> <span class='ocrx_word' id='word_1_288' title='bbox 876 3668 1088 3729; x_wconf 86' lang='lat' dir='ltr'><strong>amantissima</strong></span> <span class='ocrx_word' id='word_1_289' title='bbox 1111 3690 1171 3729; x_wconf 91' lang='lat' dir='ltr'><strong>no·</strong></span> 
     </span>
     <span class='ocr_line' id='line_1_40' title="bbox 81 3746 1176 3830; baseline 0.011 -30"><span class='ocrx_word' id='word_1_290' title='bbox 81 3746 160 3806; x_wconf 89' lang='lat' dir='ltr'><strong>mine</strong></span> <span class='ocrx_word' id='word_1_291' title='bbox 181 3748 250 3822; x_wconf 87' lang='lat' dir='ltr'><strong>iiio,</strong></span> <span class='ocrx_word' id='word_1_292' title='bbox 274 3770 331 3830; x_wconf 90' lang='lat' dir='ltr'><strong>ego</strong></span> <span class='ocrx_word' id='word_1_293' title='bbox 352 3748 385 3806; x_wconf 92' lang='lat' dir='ltr'><strong>iu</strong></span> <span class='ocrx_word' id='word_1_294' title='bbox 403 3748 463 3808; x_wconf 90' lang='lat' dir='ltr'><strong>Dei</strong></span> <span class='ocrx_word' id='word_1_295' title='bbox 486 3746 616 3806; x_wconf 90' lang='lat' dir='ltr'><strong>nomine</strong></span> <span class='ocrx_word' id='word_1_296' title='bbox 639 3746 704 3807; x_wconf 88' lang='lat' dir='ltr'><strong>iile.</strong></span> <span class='ocrx_word' id='word_1_297' title='bbox 748 3749 887 3829; x_wconf 90' lang='lat' dir='ltr'><strong>Sumpsit</strong></span> <span class='ocrx_word' id='word_1_298' title='bbox 907 3750 985 3809; x_wconf 88' lang='lat' dir='ltr'><strong>mihi</strong></span> <span class='ocrx_word' id='word_1_299' title='bbox 1001 3752 1176 3812; x_wconf 82' lang='lat' dir='ltr'><strong>consilium</strong></span> 
     </span>
     <span class='ocr_line' id='line_1_41' title="bbox 85 3827 1178 3914; baseline 0.008 -31"><span class='ocrx_word' id='word_1_300' title='bbox 85 3835 169 3907; x_wconf 85' lang='lat' dir='ltr'><strong>atque</strong></span> <span class='ocrx_word' id='word_1_301' title='bbox 190 3829 381 3912; x_wconf 85' lang='lat' dir='ltr'><strong>complacuit</strong></span> <span class='ocrx_word' id='word_1_302' title='bbox 401 3840 438 3889; x_wconf 92' lang='lat' dir='ltr'><strong>ut</strong></span> <span class='ocrx_word' id='word_1_303' title='bbox 461 3850 519 3910; x_wconf 86' lang='lat' dir='ltr'><strong>ego</strong></span> <span class='ocrx_word' id='word_1_304' title='bbox 541 3839 571 3889; x_wconf 90' lang='lat' dir='ltr'><strong>te</strong></span> <span class='ocrx_word' id='word_1_305' title='bbox 598 3827 676 3886; x_wconf 87' lang='lat' dir='ltr'><strong>mihi</strong></span> <span class='ocrx_word' id='word_1_306' title='bbox 704 3829 735 3888; x_wconf 90' lang='lat' dir='ltr'><strong>in</strong></span> <span class='ocrx_word' id='word_1_307' title='bbox 758 3832 945 3913; x_wconf 86' lang='lat' dir='ltr'><strong>coniugium</strong></span> <span class='ocrx_word' id='word_1_308' title='bbox 970 3835 1178 3914; x_wconf 70' lang='lat' dir='ltr'><strong>accepissem⁸¹</strong></span> 
     </span>
     <span class='ocr_line' id='line_1_42' title="bbox 85 3909 1172 3993; baseline 0.009 -26"><span class='ocrx_word' id='word_1_309' title='bbox 85 3909 170 3984; x_wconf 86' lang='lat' dir='ltr'><strong>Quod</strong></span> <span class='ocrx_word' id='word_1_310' title='bbox 191 3913 233 3972; x_wconf 88' lang='lat' dir='ltr'><strong>ita</strong></span> <span class='ocrx_word' id='word_1_311' title='bbox 255 3925 287 3974; x_wconf 91' lang='lat' dir='ltr'><strong>et</strong></span> <span class='ocrx_word' id='word_1_312' title='bbox 311 3913 382 3973; x_wconf 84' lang='lat' dir='ltr'><strong>ieci.</strong></span> <span class='ocrx_word' id='word_1_313' title='bbox 425 3913 598 3993; x_wconf 88' lang='lat' dir='ltr'><strong>Propterea</strong></span> <span class='ocrx_word' id='word_1_314' title='bbox 618 3911 703 3971; x_wconf 87' lang='lat' dir='ltr'><strong>douo</strong></span> <span class='ocrx_word' id='word_1_315' title='bbox 724 3912 783 3972; x_wconf 86' lang='lat' dir='ltr'><strong>tibi</strong></span> <span class='ocrx_word' id='word_1_316' title='bbox 812 3915 927 3988; x_wconf 86' lang='lat' dir='ltr'><strong>dotem,</strong></span> <span class='ocrx_word' id='word_1_317' title='bbox 956 3915 1038 3975; x_wconf 88' lang='lat' dir='ltr'><strong>sicut</strong></span> <span class='ocrx_word' id='word_1_318' title='bbox 1056 3917 1172 3977; x_wconf 84' lang='lat' dir='ltr'><strong>nostris</strong></span> 
     </span>
     <span class='ocr_line' id='line_1_43' title="bbox 85 3992 1173 4076; baseline 0.011 -32"><span class='ocrx_word' id='word_1_319' title='bbox 85 3992 238 4076; x_wconf 90' lang='lat' dir='ltr'><strong>utriusque</strong></span> <span class='ocrx_word' id='word_1_320' title='bbox 261 3993 454 4074; x_wconf 86' lang='lat' dir='ltr'><strong>complacuit</strong></span> <span class='ocrx_word' id='word_1_321' title='bbox 475 3993 583 4052; x_wconf 90' lang='lat' dir='ltr'><strong>amicis</strong></span> <span class='ocrx_word' id='word_1_322' title='bbox 605 3993 661 4052; x_wconf 91' lang='lat' dir='ltr'><strong>tibi</strong></span> <span class='ocrx_word' id='word_1_323' title='bbox 686 3995 816 4070; x_wconf 83' lang='lat' dir='ltr'><strong>donare,</strong></span> <span class='ocrx_word' id='word_1_324' title='bbox 839 3995 871 4053; x_wconf 91' lang='lat' dir='ltr'><strong>iu</strong></span> <span class='ocrx_word' id='word_1_325' title='bbox 891 4017 971 4076; x_wconf 86' lang='lat' dir='ltr'><strong>pago</strong></span> <span class='ocrx_word' id='word_1_326' title='bbox 993 3997 1062 4071; x_wconf 91' lang='lat' dir='ltr'><strong>illo,</strong></span> <span class='ocrx_word' id='word_1_327' title='bbox 1084 3996 1118 4054; x_wconf 91' lang='lat' dir='ltr'><strong>in</strong></span> <span class='ocrx_word' id='word_1_328' title='bbox 1135 3998 1173 4057; x_wconf 85' lang='lat' dir='ltr'><strong>it-</strong></span> 
     </span>
     <span class='ocr_line' id='line_1_44' title="bbox 86 4069 1177 4157; baseline 0.009 -27"><span class='ocrx_word' id='word_1_329' title='bbox 86 4069 112 4128; x_wconf 85' lang='lat' dir='ltr'><strong>io</strong></span> <span class='ocrx_word' id='word_1_330' title='bbox 131 4073 208 4152; x_wconf 84' lang='lat' dir='ltr'><strong>ioco,</strong></span> <span class='ocrx_word' id='word_1_331' title='bbox 230 4077 261 4136; x_wconf 90' lang='lat' dir='ltr'><strong>in</strong></span> <span class='ocrx_word' id='word_1_332' title='bbox 284 4076 358 4136; x_wconf 87' lang='lat' dir='ltr'><strong>vitia</strong></span> <span class='ocrx_word' id='word_1_333' title='bbox 380 4084 574 4157; x_wconf 88' lang='lat' dir='ltr'><strong>nuncupata,</strong></span> <span class='ocrx_word' id='word_1_334' title='bbox 598 4075 630 4136; x_wconf 91' lang='lat' dir='ltr'><strong>id</strong></span> <span class='ocrx_word' id='word_1_335' title='bbox 651 4085 708 4154; x_wconf 91' lang='lat' dir='ltr'><strong>est,</strong></span> <span class='ocrx_word' id='word_1_336' title='bbox 729 4085 848 4138; x_wconf 86' lang='lat' dir='ltr'><strong>rectam</strong></span> <span class='ocrx_word' id='word_1_337' title='bbox 871 4088 994 4139; x_wconf 88' lang='lat' dir='ltr'><strong>curtem</strong></span> <span class='ocrx_word' id='word_1_338' title='bbox 1016 4101 1088 4139; x_wconf 87' lang='lat' dir='ltr'><strong>cnm</strong></span> <span class='ocrx_word' id='word_1_339' title='bbox 1109 4099 1177 4140; x_wconf 87' lang='lat' dir='ltr'><strong>sae-</strong></span> 
     </span>
     <span class='ocr_line' id='line_1_45' title="bbox 85 4156 473 4232; baseline 0.018 -16"><span class='ocrx_word' id='word_1_340' title='bbox 85 4173 118 4232; x_wconf 78' lang='lat' dir='ltr'><strong>pe</strong></span> <span class='ocrx_word' id='word_1_341' title='bbox 138 4156 392 4221; x_wconf 85' lang='lat' dir='ltr'><strong>circumcinctam</strong></span> <span class='ocrx_word' id='word_1_342' title='bbox 414 4167 473 4223; x_wconf 89' lang='lat' dir='ltr'><strong>etc.</strong></span> 
     </span>
    </p>
   </div>
   <div class='ocr_carea' id='block_1_7' title="bbox 459 4301 789 4318">
    <p class='ocr_par' dir='ltr' id='par_1_7' title="bbox 459 4301 789 4318">
     <span class='ocr_line' id='line_1_46' title="bbox 459 4301 789 4318; baseline 0.012 -4"><span class='ocrx_word' id='word_1_343' title='bbox 459 4301 789 4318; x_wconf 58' lang='lat' dir='ltr'><strong>m—</strong></span> 
     </span>
    </p>
   </div>
   <div class='ocr_carea' id='block_1_8' title="bbox 0 0 1372 4990">
    <p class='ocr_par' dir='ltr' id='par_1_8' title="bbox 0 0 1372 4990">
     <span class='ocr_line' id='line_1_47' title="bbox 0 0 1372 4990; baseline 0 0"><span class='ocrx_word' id='word_1_344' title='bbox 0 0 1372 4990; x_wconf 95' lang='lat' dir='ltr'><strong> </strong></span> 
     </span>
    </p>
   </div>
  </div>
 </body>
</html>
