2734 4990
252 1467 633 1564 sonneiis
693 1467 1199 1586 nivennensns

570 1666 885 1750 aurnuns

71 1855 74 1862 '
175 1837 237 1909 Ex
262 1837 404 1908 duobus
432 1835 629 1910 Codicibue
654 1835 909 1909 Bibliothecae
935 1836 1171 1912 colbertinae
1186 1836 1288 1930 pri*

199 1983 299 2038 muru
330 1961 451 2038 editoe
481 1957 505 2030 ὰ
529 1957 738 2038 clarissimo
760 1961 842 2032 viro
865 1959 1057 2057 Stephano
1081 1961 1262 2037 Bclzczic.

264 2369 536 2386 ——————
561 2337 743 2398 Nascuntur
770 2356 829 2421 per
857 2337 942 2402 hanc
974 2335 1176 2397 occasionem
1216 2355 1291 2396 non

176 2417 321 2500 perdant.
363 2420 414 2480 Ob
439 2419 499 2482 hoc
520 2419 619 2501 igitur
644 2440 703 2501 ego
724 2419 800 2496 ille,
831 2427 863 2480 et
884 2418 1003 2481 coniux
1026 2439 1096 2478 mea
1114 2418 1173 2476 illa
1196 2438 1287 2478 com·

176 2521 309 2560 manens
325 2501 402 2560 orbe
424 2501 586 2577 Arvernis,
606 2501 639 2560 in
659 2523 740 2584 pago
763 2502 832 2580 illo,
854 2502 888 2561 in
906 2502 986 2563 villa
1001 2500 1067 2566 illa:
1107 2502 1195 2562 Dum
1215 2521 1285 2560 non

177 2590 225 2641 est
245 2579 464 2664 incognitum,
492 2583 631 2664 qualiter
654 2582 811 2646 chartolas
841 2593 962 2644 nostras
983 2603 1043 2666 per
1069 2581 1287 2644 hostilitatem

175 2663 375 2724 Francorum
398 2665 431 2723 in
454 2665 520 2748 ipsa
539 2665 616 2726 villa
642 2664 699 2733 illa
720 2687 828 2727 manso
851 2675 980 2744 nostro,
1001 2663 1057 2724 ubi
1081 2663 1142 2725 visi
1170 2685 1286 2724 sumus

177 2767 317 2824 manere,
341 2745 460 2814 ibidem
482 2747 664 2830 perdimus,
697 2758 730 2809 et
750 2748 889 2831 petimus
914 2749 965 2809 vel
988 2745 1153 2829 cognitum
1177 2746 1287 2806 sacie-

179 2849 260 2905 mus,
290 2836 326 2888 ut
350 2829 421 2910 quit
443 2850 502 2910 per
528 2829 610 2910 ipsas
630 2837 818 2900 strumentus
844 2837 876 2890 et
902 2840 1046 2912 tempora
1065 2827 1185 2888 habere
1211 2849 1288 2890 nos·

179 2920 299 2971 cuntur
317 2912 471 2990 possessio
494 2921 600 2977 nostra
619 2909 777 2994 perhanc
802 2911 1001 2973 occasionem
1021 2919 1206 2978 nostrorum
1231 2933 1288 2992 pa·

179 3006 228 3054 ter
252 2991 337 3054 inter
362 2993 510 3073 epistolas
530 2993 601 3062 illas
623 2994 663 3060 de
684 3014 807 3058 mansos
825 2995 857 3052 in
878 2993 943 3076 ipso
964 2993 1044 3053 villa
1066 2992 1132 3068 illa,
1156 2991 1196 3054 de
1219 3013 1288 3073 qua

178 3077 247 3157 ipso
273 3076 457 3138 attraximus
486 3075 518 3134 in
551 3075 711 3157 integrum
734 3084 823 3136 utet
844 3075 992 3136 vindedit
1016 3075 1074 3135 ista
1095 3073 1206 3132 omnia
1228 3097 1287 3134 su-

178 3157 286 3240 perius
307 3158 488 3240 conscripta
509 3157 562 3220 vel
588 3157 675 3238 quod
694 3179 867 3223 memorare
889 3157 1020 3217 minime
1050 3155 1210 3237 possimus
1238 3156 1288 3214 iu-

179 3239 303 3301 dicibus
318 3239 425 3301 brevis
441 3239 556 3301 nostris
576 3239 719 3321 spondiis
736 3239 1010 3306 incolcacionibus
1036 3237 1089 3300 vel
1109 3237 1186 3297 alias
1203 3247 1287 3298 stro·

179 3333 301 3383 rnentas
322 3313 399 3380 tam'
416 3331 537 3389 nostras
565 3343 661 3402 quam
686 3321 794 3401 etqui
822 3321 912 3382 nobis
940 3318 1176 3381 commendatas
1207 3321 1287 3378 fue-

179 3414 257 3465 runt
277 3405 339 3464 hoc
357 3404 442 3465 inter
463 3404 543 3484 ipsas
570 3403 662 3470 uillas
683 3403 908 3486 suprascriptas
923 3404 976 3463 vel
999 3402 1038 3468 de
1065 3401 1148 3478 ipsas
1170 3401 1287 3462 turbas

180 3487 299 3546 ibidem
309 3486 471 3567 perdimus
486 3495 518 3544 ct
528 3485 663 3565 petimus
677 3495 714 3545 ut
724 3485 805 3551 hanc
822 3483 1111 3545 contestatiunculas
1121 3504 1179 3543 scu
1189 3483 1287 3564 plan·

179 3567 281 3628 cturia
297 3567 450 3648 perhanc
467 3568 600 3630 cartulas
616 3567 648 3626 in
671 3576 777 3628 nostro
792 3566 921 3626 nomine
940 3567 1101 3648 collegere
1114 3565 1169 3625 vel
1183 3565 1287 3626 adfir-

179 3671 264 3709 mare
293 3647 490 3716 deberemus.
532 3649 605 3724 Qno
628 3649 669 3708 ita
690 3658 722 3716 ct
741 3649 876 3710 fecimus
902 3649 960 3710 isto
987 3646 1185 3730 principium
1214 3649 1286 3708 Ho-

180 3731 272 3791 norio
306 3740 339 3791 et
358 3728 541 3801 Theodosio
566 3729 749 3791 Consilibus
771 3751 882 3792 eorum
911 3731 950 3790 ab
972 3729 1077 3798 hostio
1104 3739 1219 3789 sancto
1239 3729 1286 3788 ¹il·

179 3815 211 3874 lo
243 3822 344 3876 castro
371 3813 576 3872 Clarcmunte
604 3833 662 3893 per
683 3811 825 3877 triduum
845 3811 987 3894 habendi
1019 3811 1072 3875 rel
1099 3809 1286 3874 custodivi-

179 3918 248 3958 mus
271 3917 328 3960 seu
349 3893 382 3952 in
407 3902 545 3956 mercato
566 3893 694 3974 publico
722 3893 842 3976 inquo
867 3891 947 3954 crdo
974 3891 1084 3956 curiae
1115 3891 1287 3954 duxerunt

180 3989 235 4039 aut
267 3976 385 4059 regalis
419 3977 467 4044 vel
501 3975 684 4036 manuensis
719 3984 826 4038 vester
855 3985 911 4036 aut
945 3994 1155 4058 personarum
1181 3973 1286 4069 ipsius

179 4060 285 4136 castri,
307 4067 343 4118 nt
366 4080 440 4118 cum
461 4058 544 4118 hanc
571 4057 877 4134 contestatiuncula‚
909 4080 967 4120 seu
987 4056 1168 4140 plancturia
1191 4064 1286 4118 iuxta

178 4143 286 4223 legum
304 4140 570 4202 consuetudinem
590 4140 623 4202 in
648 4141 826 4222 praesentia
842 4149 945 4202 vestra
962 4140 1062 4210 relata
1078 4137 1193 4215 luerit,
1212 4159 1288 4200 nos·

179 4225 235 4287 tris
255 4221 544 4306 subscriptionibus
560 4220 734 4311 signaculis
753 4219 963 4288 subroboncre
985 4218 1122 4296 iacietis,
1142 4228 1182 4281 ut
1202 4240 1286 4304 quo·
