2734 4990
180 257 255 335 432
642 277 836 336 rorantes
904 343 905 350 Ν

176 443 250 484 cum
272 419 358 481 omni
374 415 572 512 supraposito
596 415 718 478 ad‘iam
738 415 852 480 dictam
866 419 1043 486 Ecclesiam
1058 427 1169 490 Sancti
1191 431 1287 496 illius

176 503 232 565 uhi
254 502 300 566 eis
321 496 534 584 patrocinum
554 508 587 560 et
614 497 835 564 defensionem
864 505 1034 588 constitui,
1061 521 1283 582 revertantur.

175 585 336 647 Volumus
357 581 444 644 euim
457 586 493 640 ut
509 578 668 663 ingenuos
688 603 769 664 quos
789 583 884 645 modo
906 596 960 648 aut
979 588 1108 652 inantea
1128 593 1284 676 fecimus,

174 673 417 768 quanticunque
440 660 566 745 idipsis
588 661 666 724 locis
687 663 818 727 mouent
838 686 920 748 quae
942 669 982 730 ad
1002 682 1143 734 sanctam
1163 677 1284 740 Enete

175 771 255 814 siam
276 745 502 829 delegavimus,
526 745 668 827 inspecta
686 768 796 808 eorum
812 745 971 829 libertate,
994 775 1091 836 super
1113 756 1196 839 ipsus
1216 768 1287 822 ter*

174 855 225 896 ras
250 853 310 915 pro
331 827 482 911 ingenuis
506 838 748 906 commaneant,
771 837 804 889 et
827 830 927 892 aliubi
955 841 1177 900 commanendi
1201 843 1283 902 nul-

172 915 237 978 lam
257 915 398 976 habeant
424 917 628 990 potestatem,
657 909 714 971 sed
743 912 784 972 ad
815 911 882 1008 ipsa
908 913 980 978 loca
1009 927 1116 980 sancta
1137 923 1283 986 debeant

130 1057 135 1063 ,
172 1007 328 1082 spectare,
341 1003 374 1056 et
393 991 503 1052 nullus
524 991 661 1075 deipsis
681 991 857 1055 lidemoma
877 995 917 1058 ad
937 1019 1023 1062 meos
1042 1000 1176 1066 heredes
1196 1007 1285 1067 ulla·

173 1091 267 1142 tenus
288 1076 411 1152 reddat,
433 1081 466 1136 et
488 1074 549 1135 hoc
571 1073 659 1216 qpod
679 1072 839 1157 aliquibus
866 1099 906 1139 ex
930 1079 976 1142 eis
1003 1103 1064 1178 per
1088 1096 1188 1148 cartas
1215 1087 1280 1148 de-

171 1163 288 1237 dimus,
310 1158 496 1220 nnllatenns
517 1155 582 1216 aliu
607 1155 617 1215 i
639 1175 699 1218 nec
720 1159 860 1222 vendere
881 1181 942 1224 uec
969 1163 1110 1230 alienare
1134 1166 1280 1232 habeant

171 1243 347 1307 licentiam·
387 1238 542 1300 Similiter
568 1238 756 1300 donavimus
779 1241 997 1327 donatumque
1020 1247 1054 1306 iu
1103 1259 1277 1330 erpetuum

171 1325 403 1388 essevolumus
429 1321 469 1380 ad
488 1319 717 1382 lllouasterium
740 1322 843 1402 illud,
879 1325 935 1388 ubi
960 1271 1153 1392 venerallilis
1181 1332 1276 1395 Abba

170 1407 229 1472 ille
251 1424 400 1490 praeesse
436 1402 581 1482 videtur,
610 1401 705 1464 rillas
733 1403 805 1466 illas
834 1406 971 1492 inpage
998 1408 1045 1476 ill.
1067 1433 1141 1473 cum
1169 1417 1275 1476 omni·

169 1491 231 1552 bus
255 1484 441 1562 adiacentiis
466 1485 517 1547 vel
538 1484 735 1568 appendiciis
758 1507 879 1566 earum,
900 1501 1184 1576 quantumcunque
1213 1493 1276 1559 ihiss

170 1573 245 1634 dem
268 1581 379 1631 tenere
400 1566 451 1630 rel
476 1565 819 1650 possiderevidemur,
841 1581 874 1634 et
898 1573 1043 1654 quolibet
1065 1577 1209 1639 adtractu
1230 1581 1276 1641 ad

169 1676 229 1716 nos
256 1649 425 1736 pervenit,
460 1658 515 1710 aut
539 1647 675 1730 Legibus
701 1651 872 1732 pervenire
901 1654 1013 1733 debet,
1040 1665 1143 1718 totum
1174 1663 1274 1724 etad

168 1736 332 1820 integrum
351 1755 425 1794 cum
444 1731 530 1792 omni
556 1732 756 1812 superposito
783 1733 801 1793 i
831 1735 1071 1818 die..praescnti
1095 1740 1130 1801 iu
1164 1741 1274 1804 hono-

167 1840 239 1881 rem
263 1815 373 1880 Sancti
406 1814 520 1891 illius,
556 1812 611 1873 ubi
640 1813 730 1874 Abba
756 1813 834 1893 illc,
857 1819 1008 1882 tradimus
1034 1823 1074 1882 ad
1099 1824 1272 1902 possiden-

168 1899 262 1980 dum,
291 1920 365 1961 cum
398 1896 564 1973 domibus,
592 1894 755 1975 aedificiis,
789 1900 973 1981 mancipiis,
1003 1905 1191 1984 accolabus,
1225 1907 1270 1966 li-

165 1975 288 2061 hertis,
316 1990 380 2040 tarn
405 1979 524 2039 ibidem
554 1978 701 2040 oriundis
736 2001 832 2061 quam
860 1983 991 2046 aliunde
1021 1986 1180 2048 translatis
1214 1987 1271 2052 vel

166 2063 287 2125 ibidem
313 2060 603 2132 commanentibus,
626 2059 747 2139 vineis,
780 2062 890 2142 silvis,
919 2066 1060 2148 cain‘pis,
1081 2070 1175 2130 terris
1197 2072 1271 2132 cul-

165 2147 206 2208 tis
228 2156 260 2208 et
281 2146 431 2221 incultis,
462 2144 581 2224 pratis,
609 2143 752 2224 pascuis,
782 2144 896 2226 aquis,
928 2170 1121 2229 aquarumve
1155 2152 1272 2214 decur⁴

164 2229 270 2304 sibus,
308 2247 382 2286 curn
415 2224 506 2288 exitu
541 2229 574 2286 e't
612 2245 782 2308 regressu,
819 2229 906 2288 omui
940 2251 1056 2312 genere
1088 2234 1268 2314 pecudum,

164 2320 230 2373 tam
253 2308 372 2369 maiore
394 2328 491 2389 quam
511 2308 646 2384 minore,
678 2306 849 2370 mobilibus
878 2318 912 2372 et
935 2312 1172 2392 immobilibus,
1195 2339 1264 2378 om·

165 2392 200 2452 ui
229 2412 264 2451 re
294 2389 508 2474 inexquisita,
539 2398 601 2449 tam
630 2411 708 2451 auro
744 2411 839 2471 quam
867 2405 1018 2474 urgento,
1047 2397 1099 2458 vel
1128 2397 1266 2482 reliquis

164 2470 378 2543 fabricaturis,
403 2481 466 2532 tam
489 2470 674 2532 ministeriis
697 2472 874 2552 Ecclesiae,
897 2477 947 2536 vel
965 2479 1148 2540 strumentis
1169 2479 1266 2542 char·

164 2567 279 2631 tarum,
309 2552 399 2614 libris
420 2553 473 2613 vel
496 2553 691 2614 vestimentis
715 2553 896 2634 Ecclesiae,
915 2560 969 2619 vel
992 2560 1079 2618 omni
1102 2563 1264 2644 praesidio

162 2637 251 2721 quod
270 2634 383 2696 vivens
408 2634 531 2715 legibus
551 2633 712 2715 possidere
736 2637 850 2697 videor
876 2646 909 2698 et
937 2641 1017 2701 milri
1047 2641 1199 2722 debetur,
1230 2655 1265 2706 et

162 2717 319 2802 quicquid
342 2716 406 2776 dici
424 2717 474 2776 rel
489 2716 647 2776 nominari
665 2728 785 2798 potest,
803 2726 906 2779 totum
926 2731 958 2782 et
978 2723 1017 2783 ad
1040 2723 1200 2806 integrum
1221 2728 1261 2787 ad

161 2801 348 2862 iamdictam
375 2798 608 2866 Mouasterium¹
626 2799 734 2862 Sancti
763 2799 851 2862 illius
876 2804 1022 2884 proficiat
1045 2807 1078 2866 iu
1104 2827 1260 2888 augmen·-

161 2892 248 2960 tum,
276 2882 420 2965 inspecto
449 2880 507 2942 illo
532 2890 707 2942 strumento
737 2883 825 2964 quod
853 2895 944 2944 autea
976 2888 1016 2949 ad
1046 2889 1109 2947 iam
1137 2891 1260 2950 dictum

160 2965 389 3030 Monasterium
411 2963 555 3027 fecimus.
598 2963 730 3022 Praeter
752 2967 807 3025 ista
836 2967 941 3026 omnia
966 2971 1197 3032 reservavimus
1224 2972 1259 3032 iu

159 3048 304 3110 Falcidia
331 3046 504 3107 heredibus
530 3044 645 3105 nostris
677 3045 769 3106 villas
794 3045 864 3108 illas
895 3048 927 3107 iu
955 3073 1035 3132 pago
1057 3052 1137 3130 illo,
1163 3051 1196 3110 in
1221 3074 1260 3114 ea

158 3131 283 3192 ratione
305 3123 342 3188 ut
358 3129 441 3188 facta
463 3149 533 3186 mea
558 3129 591 3186 in
616 3126 763 3188 omnibus
784 3130 932 3190 studeant
954 3153 1141 3195 conservare
1162 3144 1259 3216 utque

160 3213 345 3276 defendere.
389 3211 484 3288 Quod
507 3208 534 3270 si
558 3208 620 3269 hoc
648 3209 753 3270 facere
776 3212 998 3292 neglexerint,
1032 3216 1189 3297 quicquid
1211 3218 1258 3278 eis

159 3294 381 3376 deputavimus
402 3293 557 3374 perdant,
592 3300 624 3352 et
650 3290 689 3352 de
714 3297 800 3351 omni
827 3300 959 3375 corpore
987 3299 1145 3360 facultatis
1167 3321 1256 3360 meae

94 3370 98 3376 ’
156 3377 286 3458 penitus
307 3376 484 3435 reddantur
505 3372 658 3434 extranei.
700 3374 741 3433 Et
763 3374 788 3434 si
805 3375 935 3456 ,aliquid
953 3401 1187 3460 comparavero,
1201 3391 1257 3442 aut

158 3478 198 3519 ex
219 3457 402 3540 parentibus
424 3456 501 3516 meis
522 3455 601 3524 mihi
623 3456 806 3535 obvenerit,
828 3461 880 3518 vel
901 3462 1079 3541 adtraxero,
1102 3464 1154 3524 vel
1171 3485 1256 3545 quo-

157 3538 237 3600 libet
267 3540 398 3621 iugenio
424 3538 464 3597 ad
490 3557 539 3596 me
570 3537 771 3618 pervenerit,
811 3544 897 3622 quod
924 3544 956 3602 iu
985 3545 1043 3605 isto
1067 3555 1255 3606 testamento

157 3643 252 3702 supra
280 3633 344 3679 non
375 3620 714 3696 commemoravimus,
743 3631 816 3702 post
840 3645 943 3686 mcum
977 3627 1148 3688 discessum
1184 3651 1256 3695 casa

157 3704 265 3764 Sancti
285 3701 372 3763 illius
399 3723 457 3784 per
473 3704 623 3763 Rectores
639 3723 712 3762 suos
726 3704 861 3786 recipiat
877 3712 1106 3790 perpetualiter
1125 3711 1164 3770 ad
1187 3733 1257 3791 pos-

94 3825 98 3840 .
155 3785 335 3847 sidendum.
355 3787 419 3847 Per
437 3805 585 3866 praeseus
605 3781 827 3846 testamentum
848 3789 1010 3851 basilicam
1034 3793 1143 3854 Sancti
1163 3791 1254 3854 illius

155 3867 308 3930 heredem
329 3889 436 3928 mcum
454 3866 598 3942 instituo,
615 3876 647 3927 et
662 3869 818 3950 quicquid
833 3874 1009 3955 unicuique
1032 3871 1192 3956 deputari,
1215 3875 1254 3934 fi-

157 3949 209 4012 dei
228 3960 301 4016 tuae
318 3950 488 4011 committo.
510 3948 594 4026 Quia
606 3948 668 4011 hoc
684 3952 777 4032 quod
797 3953 855 4013 tibi
876 3954 1133 4036 deputavi,·malo
1149 3967 1179 4016 te
1194 3957 1252 4016 ba-

155 4032 231 4094 bere
245 4026 340 4115 quam
353 4054 414 4111 me,
425 4041 457 4092 tc
474 4031 571 4114 magis
585 4053 681 4113 quam
700 4041 840 4096 caeteros
859 4035 994 4100 heredes
1010 4063 1045 4100 ac
1056 4037 1253 4122 proheredes

158 4134 257 4176 meos.¹
275 4115 309 4175 Si
328 4115 503 4198 quievero,
525 4115 776 4195 quodfuturum
793 4137 860 4178 csse
882 4141 946 4180 nou
971 4122 1078 4198 credo,
1100 4121 1168 4182 sive
1190 4121 1253 4181 ali-

155 4197 226 4282 quis
240 4195 395 4261 heredum
414 4215 450 4260 ac
466 4195 680 4294 proheredum
699 4217 853 4280 meorum,
870 4199 922 4266 vel
937 4202 1088 4286 quislibet
1107 4203 1251 4288 opposita
