<?xml version="1.0" encoding="UTF-8"?>
<!DOCTYPE html PUBLIC "-//W3C//DTD XHTML 1.0 Transitional//EN"
    "http://www.w3.org/TR/xhtml1/DTD/xhtml1-transitional.dtd">
<html xmlns="http://www.w3.org/1999/xhtml" xml:lang="en" lang="en">
 <head>
  <title>
</title>
<meta http-equiv="Content-Type" content="text/html;charset=utf-8" />
  <meta name='ocr-system' content='tesseract 3.04.00' />
  <meta name='ocr-capabilities' content='ocr_page ocr_carea ocr_par ocr_line ocrx_word'/>
</head>
<body>
  <div class='ocr_page' id='page_1' title='image "./corpusiurisgerm03visigoog_0045.png"; bbox 0 0 2734 4990; ppageno 0'>
   <div class='ocr_carea' id='block_1_1' title="bbox 187 319 823 398">
    <p class='ocr_par' dir='ltr' id='par_1_1' title="bbox 187 319 823 398">
     <span class='ocr_line' id='line_1_1' title="bbox 187 319 823 398; baseline 0 -1"><span class='ocrx_word' id='word_1_1' title='bbox 187 319 263 397; x_wconf 77' lang='grc'><strong>438</strong></span> <span class='ocrx_word' id='word_1_2' title='bbox 631 341 823 398; x_wconf 77' lang='lat' dir='ltr'><strong>nonuotts</strong></span> 
     </span>
    </p>
   </div>
   <div class='ocr_carea' id='block_1_2' title="bbox 188 474 1299 952">
    <p class='ocr_par' dir='ltr' id='par_1_2' title="bbox 188 474 1299 952">
     <span class='ocr_line' id='line_1_2' title="bbox 188 474 1296 566; baseline -0.011 -20"><span class='ocrx_word' id='word_1_3' title='bbox 188 487 259 556; x_wconf 85' lang='lat' dir='ltr'><strong>net;</strong></span> <span class='ocrx_word' id='word_1_4' title='bbox 281 483 338 546; x_wconf 85' lang='lat' dir='ltr'><strong>sed</strong></span> <span class='ocrx_word' id='word_1_5' title='bbox 357 501 509 566; x_wconf 79' lang='lat' dir='ltr'><strong>praesens</strong></span> <span class='ocrx_word' id='word_1_6' title='bbox 528 482 608 544; x_wconf 86' lang='lat' dir='ltr'><strong>haec</strong></span> <span class='ocrx_word' id='word_1_7' title='bbox 627 483 761 566; x_wconf 82' lang='lat' dir='ltr'><strong>epistola</strong></span> <span class='ocrx_word' id='word_1_8' title='bbox 786 476 1025 566; x_wconf 80' lang='lat' dir='ltr'><strong>compositionis</strong></span> <span class='ocrx_word' id='word_1_9' title='bbox 1044 474 1132 539; x_wconf 88' lang='lat' dir='ltr'><strong>omni</strong></span> <span class='ocrx_word' id='word_1_10' title='bbox 1145 481 1296 556; x_wconf 82' lang='lat' dir='ltr'><strong>tempore</strong></span> 
     </span>
     <span class='ocr_line' id='line_1_3' title="bbox 189 557 1298 733; baseline -0.015 -101"><span class='ocrx_word' id='word_1_11' title='bbox 189 569 333 733; x_wconf 50' lang='grc' dir='ltr'><strong>ξοιίιὶιζυξι</strong></span> <span class='ocrx_word' id='word_1_12' title='bbox 353 565 474 630; x_wconf 76' lang='lat' dir='ltr'><strong>stabilis</strong></span> <span class='ocrx_word' id='word_1_13' title='bbox 486 575 681 651; x_wconf 81' lang='lat' dir='ltr'><strong>penmanent,</strong></span> <span class='ocrx_word' id='word_1_14' title='bbox 698 566 905 652; x_wconf 71' lang='lat' dir='ltr'><strong>stipulatione</strong></span> <span class='ocrx_word' id='word_1_15' title='bbox 921 563 1075 625; x_wconf 78' lang='lat' dir='ltr'><strong>subnexa.</strong></span> <span class='ocrx_word' id='word_1_16' title='bbox 1098 557 1228 620; x_wconf 81' lang='lat' dir='ltr'><strong>Actum.</strong></span> <span class='ocrx_word' id='word_1_17' title='bbox 1254 557 1298 617; x_wconf 90' lang='lat' dir='ltr'><strong>Et</strong></span> 
     </span>
     <span class='ocr_line' id='line_1_4' title="bbox 275 735 978 840; baseline -0.009 -22"><span class='ocrx_word' id='word_1_18' title='bbox 275 735 279 740; x_wconf 40' lang='grc'>’</span> <span class='ocrx_word' id='word_1_19' title='bbox 443 833 446 840; x_wconf 25' lang='grc'><strong><em>’</em></strong></span> <span class='ocrx_word' id='word_1_20' title='bbox 501 755 574 818; x_wconf 81' lang='lat' dir='ltr'><strong>Atia</strong></span> <span class='ocrx_word' id='word_1_21' title='bbox 602 757 712 818; x_wconf 74' lang='lat' dir='ltr'><strong>charta</strong></span> <span class='ocrx_word' id='word_1_22' title='bbox 733 755 978 840; x_wconf 78' lang='lat' dir='ltr'><em>compositionis.</em></span> 
     </span>
     <span class='ocr_line' id='line_1_5' title="bbox 269 861 1299 952; baseline -0.014 -18"><span class='ocrx_word' id='word_1_23' title='bbox 269 869 448 934; x_wconf 80' lang='lat' dir='ltr'><strong>Lxxxtn.</strong></span> <span class='ocrx_word' id='word_1_24' title='bbox 490 870 684 936; x_wconf 76' lang='lat' dir='ltr'><strong>viventibus</strong></span> <span class='ocrx_word' id='word_1_25' title='bbox 704 869 846 952; x_wconf 78' lang='lat' dir='ltr'><strong>patribus</strong></span> <span class='ocrx_word' id='word_1_26' title='bbox 869 868 955 932; x_wconf 86' lang='lat' dir='ltr'><strong>inter</strong></span> <span class='ocrx_word' id='word_1_27' title='bbox 975 861 1226 932; x_wconf 76' lang='lat' dir='ltr'><strong>filios-familias</strong></span> <span class='ocrx_word' id='word_1_28' title='bbox 1258 861 1299 922; x_wconf 85' lang='lat' dir='ltr'><strong>si-</strong></span> 
     </span>
    </p>
   </div>
   <div class='ocr_carea' id='block_1_3' title="bbox 187 947 1298 1119">
    <p class='ocr_par' dir='ltr' id='par_1_3' title="bbox 187 947 1298 1119">
     <span class='ocr_line' id='line_1_6' title="bbox 187 947 1298 1034; baseline -0.014 -16"><span class='ocrx_word' id='word_1_29' title='bbox 187 973 231 1018; x_wconf 79' lang='lat' dir='ltr'><strong>ns</strong></span> <span class='ocrx_word' id='word_1_30' title='bbox 261 954 428 1021; x_wconf 82' lang='lat' dir='ltr'><strong>voluntate</strong></span> <span class='ocrx_word' id='word_1_31' title='bbox 455 975 566 1018; x_wconf 84' lang='lat' dir='ltr'><strong>eorum</strong></span> <span class='ocrx_word' id='word_1_32' title='bbox 593 953 797 1014; x_wconf 80' lang='lat' dir='ltr'><strong>matrimonia</strong></span> <span class='ocrx_word' id='word_1_33' title='bbox 818 972 884 1012; x_wconf 91' lang='lat' dir='ltr'><strong>non</strong></span> <span class='ocrx_word' id='word_1_34' title='bbox 914 949 1056 1034; x_wconf 76' lang='lat' dir='ltr'><strong>legitime</strong></span> <span class='ocrx_word' id='word_1_35' title='bbox 1087 947 1298 1028; x_wconf 81' lang='lat' dir='ltr'><strong>copulantur,</strong></span> 
     </span>
     <span class='ocr_line' id='line_1_7' title="bbox 188 1025 1298 1119; baseline -0.006 -20"><span class='ocrx_word' id='word_1_36' title='bbox 188 1025 314 1102; x_wconf 74' lang='lat' dir='ltr'><strong>licimo</strong></span> <span class='ocrx_word' id='word_1_37' title='bbox 329 1037 370 1102; x_wconf 29' lang='lat' dir='ltr'><strong>vin</strong></span> <span class='ocrx_word' id='word_1_38' title='bbox 391 1036 454 1102; x_wconf 80' lang='lat' dir='ltr'><strong>Dei</strong></span> <span class='ocrx_word' id='word_1_39' title='bbox 476 1036 607 1100; x_wconf 87' lang='lat' dir='ltr'><strong>nomine</strong></span> <span class='ocrx_word' id='word_1_40' title='bbox 629 1036 697 1114; x_wconf 87' lang='lat' dir='ltr'><strong>ille,</strong></span> <span class='ocrx_word' id='word_1_41' title='bbox 719 1044 781 1101; x_wconf 86' lang='lat' dir='ltr'><strong>etc.</strong></span> <span class='ocrx_word' id='word_1_42' title='bbox 801 1048 836 1096; x_wconf 83' lang='lat' dir='ltr'><strong>ut</strong></span> <span class='ocrx_word' id='word_1_43' title='bbox 863 1054 958 1118; x_wconf 83' lang='lat' dir='ltr'><strong>supro</strong></span> <span class='ocrx_word' id='word_1_44' title='bbox 981 1053 1054 1119; x_wconf 81' lang='lat' dir='ltr'><strong><em>pag.</em></strong></span> <span class='ocrx_word' id='word_1_45' title='bbox 1073 1031 1138 1110; x_wconf 71' lang='lat'><strong>324</strong></span> <span class='ocrx_word' id='word_1_46' title='bbox 1160 1040 1192 1090; x_wconf 84' lang='lat' dir='ltr'><strong>et</strong></span> <span class='ocrx_word' id='word_1_47' title='bbox 1220 1029 1298 1092; x_wconf 78' lang='lat'><strong>381.</strong></span> 
     </span>
    </p>
   </div>
   <div class='ocr_carea' id='block_1_4' title="bbox 595 1163 887 1252">
    <p class='ocr_par' dir='ltr' id='par_1_4' title="bbox 595 1163 887 1252">
     <span class='ocr_line' id='line_1_8' title="bbox 595 1163 887 1252; baseline 0.003 -27"><span class='ocrx_word' id='word_1_48' title='bbox 595 1165 735 1228; x_wconf 76' lang='lat' dir='ltr'><strong>Libellus</strong></span> <span class='ocrx_word' id='word_1_49' title='bbox 753 1163 887 1252; x_wconf 80' lang='lat' dir='ltr'><strong><em>repudii.</em></strong></span> 
     </span>
    </p>
   </div>
   <div class='ocr_carea' id='block_1_5' title="bbox 187 1267 1299 1527">
    <p class='ocr_par' dir='ltr' id='par_1_5' title="bbox 187 1267 1299 1527">
     <span class='ocr_line' id='line_1_9' title="bbox 271 1267 1299 1364; baseline -0.014 -18"><span class='ocrx_word' id='word_1_50' title='bbox 271 1281 450 1349; x_wconf 86' lang='lat' dir='ltr'>LXXXIV.</span> <span class='ocrx_word' id='word_1_51' title='bbox 491 1284 594 1349; x_wconf 85' lang='lat' dir='ltr'><strong>Certis</strong></span> <span class='ocrx_word' id='word_1_52' title='bbox 613 1283 709 1347; x_wconf 83' lang='lat' dir='ltr'><strong>rebus</strong></span> <span class='ocrx_word' id='word_1_53' title='bbox 730 1292 762 1347; x_wconf 85' lang='lat' dir='ltr'><strong>et</strong></span> <span class='ocrx_word' id='word_1_54' title='bbox 782 1279 921 1364; x_wconf 83' lang='lat' dir='ltr'><strong>probatis</strong></span> <span class='ocrx_word' id='word_1_55' title='bbox 949 1281 1052 1342; x_wconf 85' lang='lat' dir='ltr'><strong>causis</strong></span> <span class='ocrx_word' id='word_1_56' title='bbox 1085 1267 1172 1340; x_wconf 79' lang='lat' dir='ltr'><strong>inter</strong></span> <span class='ocrx_word' id='word_1_57' title='bbox 1200 1274 1299 1334; x_wconf 86' lang='lat' dir='ltr'><strong>mari·</strong></span> 
     </span>
     <span class='ocr_line' id='line_1_10' title="bbox 190 1357 1297 1446; baseline -0.017 -13"><span class='ocrx_word' id='word_1_58' title='bbox 190 1373 261 1433; x_wconf 76' lang='lat' dir='ltr'><strong>lum</strong></span> <span class='ocrx_word' id='word_1_59' title='bbox 280 1375 312 1428; x_wconf 83' lang='lat' dir='ltr'><strong>et</strong></span> <span class='ocrx_word' id='word_1_60' title='bbox 333 1387 467 1430; x_wconf 77' lang='lat' dir='ltr'><strong>uxorem</strong></span> <span class='ocrx_word' id='word_1_61' title='bbox 486 1359 678 1446; x_wconf 54' lang='lat' dir='ltr'><strong>repudiandi</strong></span> <span class='ocrx_word' id='word_1_62' title='bbox 701 1367 790 1428; x_wconf 85' lang='lat' dir='ltr'><strong>locus</strong></span> <span class='ocrx_word' id='word_1_63' title='bbox 813 1373 906 1446; x_wconf 83' lang='lat' dir='ltr'><strong>patet.</strong></span> <span class='ocrx_word' id='word_1_64' title='bbox 956 1361 1085 1424; x_wconf 82' lang='lat' dir='ltr'><strong>Idcirco</strong></span> <span class='ocrx_word' id='word_1_65' title='bbox 1107 1362 1186 1422; x_wconf 86' lang='lat' dir='ltr'><strong>dum</strong></span> <span class='ocrx_word' id='word_1_66' title='bbox 1208 1357 1297 1416; x_wconf 84' lang='lat' dir='ltr'><strong>inter</strong></span> 
     </span>
     <span class='ocr_line' id='line_1_11' title="bbox 187 1444 1297 1527; baseline -0.009 -19"><span class='ocrx_word' id='word_1_67' title='bbox 187 1447 282 1521; x_wconf 82' lang='lat' dir='ltr'><strong>illum</strong></span> <span class='ocrx_word' id='word_1_68' title='bbox 314 1457 345 1510; x_wconf 84' lang='lat' dir='ltr'><strong>et</strong></span> <span class='ocrx_word' id='word_1_69' title='bbox 370 1451 541 1527; x_wconf 68' lang='lat' dir='ltr'><strong>coniugem</strong></span> <span class='ocrx_word' id='word_1_70' title='bbox 566 1470 655 1512; x_wconf 85' lang='lat' dir='ltr'><strong>sunm</strong></span> <span class='ocrx_word' id='word_1_71' title='bbox 686 1448 776 1512; x_wconf 87' lang='lat' dir='ltr'><strong>illam</strong></span> <span class='ocrx_word' id='word_1_72' title='bbox 802 1467 868 1509; x_wconf 92' lang='lat' dir='ltr'><strong>non</strong></span> <span class='ocrx_word' id='word_1_73' title='bbox 895 1444 1028 1524; x_wconf 84' lang='lat' dir='ltr'><strong>coritas,</strong></span> <span class='ocrx_word' id='word_1_74' title='bbox 1051 1455 1112 1512; x_wconf 81' lang='lat' dir='ltr'><strong>eto.</strong></span> <span class='ocrx_word' id='word_1_75' title='bbox 1139 1454 1297 1522; x_wconf 78' lang='lat' dir='ltr'><strong>utsupra</strong></span> 
     </span>
    </p>
   </div>
   <div class='ocr_carea' id='block_1_6' title="bbox 184 1533 548 1617">
    <p class='ocr_par' dir='ltr' id='par_1_6' title="bbox 184 1533 548 1617">
     <span class='ocr_line' id='line_1_12' title="bbox 184 1533 548 1617; baseline -0.003 -22"><span class='ocrx_word' id='word_1_76' title='bbox 184 1549 258 1617; x_wconf 63' lang='lat' dir='ltr'><strong>pag.</strong></span> <span class='ocrx_word' id='word_1_77' title='bbox 289 1533 359 1594; x_wconf 72' lang='lat' dir='ltr'><strong>sn.</strong></span> <span class='ocrx_word' id='word_1_78' title='bbox 383 1545 414 1596; x_wconf 73' lang='lat' dir='ltr'><strong>n</strong></span> <span class='ocrx_word' id='word_1_79' title='bbox 439 1533 511 1597; x_wconf 77' lang='lat' dir='ltr'><strong>sss.</strong></span> <span class='ocrx_word' id='word_1_80' title='bbox 528 1574 548 1588; x_wconf 87' lang='lat'><strong>..</strong></span> 
     </span>
    </p>
   </div>
   <div class='ocr_carea' id='block_1_7' title="bbox 175 1643 1165 1727">
    <p class='ocr_par' dir='ltr' id='par_1_7' title="bbox 175 1643 1165 1727">
     <span class='ocr_line' id='line_1_13' title="bbox 175 1643 1165 1727; baseline -0.002 -19"><span class='ocrx_word' id='word_1_81' title='bbox 175 1659 179 1676; x_wconf 90' lang='lat'><strong><em>¹</em></strong></span> <span class='ocrx_word' id='word_1_82' title='bbox 234 1645 237 1650; x_wconf 60' lang='grc'>“</span> <span class='ocrx_word' id='word_1_83' title='bbox 320 1647 437 1707; x_wconf 77' lang='lat' dir='ltr'><strong>Charta</strong></span> <span class='ocrx_word' id='word_1_84' title='bbox 458 1646 651 1727; x_wconf 78' lang='lat' dir='ltr'><em>agnationis,</em></span> <span class='ocrx_word' id='word_1_85' title='bbox 680 1647 708 1706; x_wconf 81' lang='lat' dir='ltr'><strong>si</strong></span> <span class='ocrx_word' id='word_1_86' title='bbox 735 1665 841 1708; x_wconf 79' lang='lat' dir='ltr'><strong>servits</strong></span> <span class='ocrx_word' id='word_1_87' title='bbox 863 1647 1026 1726; x_wconf 77' lang='lat' dir='ltr'><strong>ingenuam</strong></span> <span class='ocrx_word' id='word_1_88' title='bbox 1051 1643 1165 1706; x_wconf 73' lang='lat' dir='ltr'><strong>trabat.</strong></span> 
     </span>
    </p>
   </div>
   <div class='ocr_carea' id='block_1_8' title="bbox 113 1718 1358 2014">
    <p class='ocr_par' dir='ltr' id='par_1_8' title="bbox 113 1718 1358 2014">
     <span class='ocr_line' id='line_1_14' title="bbox 264 1718 1358 1835; baseline -0.01 -11"><span class='ocrx_word' id='word_1_89' title='bbox 264 1759 428 1824; x_wconf 83' lang='lat' dir='ltr'><strong>LXXXV.</strong></span> <span class='ocrx_word' id='word_1_90' title='bbox 471 1761 532 1824; x_wconf 92' lang='lat' dir='ltr'><strong>Ille</strong></span> <span class='ocrx_word' id='word_1_91' title='bbox 554 1762 604 1823; x_wconf 90' lang='lat' dir='ltr'><strong>illi</strong></span> <span class='ocrx_word' id='word_1_92' title='bbox 629 1761 776 1822; x_wconf 83' lang='lat' dir='ltr'><strong>feminae.</strong></span> <span class='ocrx_word' id='word_1_93' title='bbox 819 1757 909 1822; x_wconf 88' lang='lat' dir='ltr'><strong>illud</strong></span> <span class='ocrx_word' id='word_1_94' title='bbox 929 1781 995 1820; x_wconf 90' lang='lat' dir='ltr'><strong>non</strong></span> <span class='ocrx_word' id='word_1_95' title='bbox 1019 1755 1156 1817; x_wconf 81' lang='lat' dir='ltr'><strong>liabetur</strong></span> <span class='ocrx_word' id='word_1_96' title='bbox 1179 1753 1295 1835; x_wconf 83' lang='lat' dir='ltr'><strong>incog-</strong></span> <span class='ocrx_word' id='word_1_97' title='bbox 1357 1718 1358 1725; x_wconf 19' lang='lat' dir='ltr'><strong>l</strong></span> 
     </span>
     <span class='ocr_line' id='line_1_15' title="bbox 179 1839 1295 1926; baseline -0.007 -22"><span class='ocrx_word' id='word_1_98' title='bbox 179 1842 289 1905; x_wconf 81' lang='lat' dir='ltr'><strong>mitum</strong></span> <span class='ocrx_word' id='word_1_99' title='bbox 317 1845 459 1926; x_wconf 83' lang='lat' dir='ltr'><strong>qualiter</strong></span> <span class='ocrx_word' id='word_1_100' title='bbox 487 1866 596 1906; x_wconf 85' lang='lat' dir='ltr'><strong>servus</strong></span> <span class='ocrx_word' id='word_1_101' title='bbox 617 1867 707 1906; x_wconf 81' lang='lat' dir='ltr'><strong>meus</strong></span> <span class='ocrx_word' id='word_1_102' title='bbox 736 1842 865 1905; x_wconf 89' lang='lat' dir='ltr'><strong>nomine</strong></span> <span class='ocrx_word' id='word_1_103' title='bbox 888 1844 944 1904; x_wconf 90' lang='lat' dir='ltr'><strong>ille</strong></span> <span class='ocrx_word' id='word_1_104' title='bbox 974 1851 1005 1902; x_wconf 91' lang='lat' dir='ltr'><strong>te</strong></span> <span class='ocrx_word' id='word_1_105' title='bbox 1030 1839 1150 1921; x_wconf 88' lang='lat' dir='ltr'><strong>absque</strong></span> <span class='ocrx_word' id='word_1_106' title='bbox 1171 1859 1295 1922; x_wconf 86' lang='lat' dir='ltr'><strong>paren·</strong></span> 
     </span>
     <span class='ocr_line' id='line_1_16' title="bbox 113 1925 1049 2014; baseline -0.003 -26"><span class='ocrx_word' id='word_1_107' title='bbox 113 2005 116 2014; x_wconf 71' lang='lat'><strong>,</strong></span> <span class='ocrx_word' id='word_1_108' title='bbox 183 1933 252 1988; x_wconf 83' lang='lat' dir='ltr'><strong>tum</strong></span> <span class='ocrx_word' id='word_1_109' title='bbox 271 1927 324 1991; x_wconf 83' lang='lat' dir='ltr'><strong>vel</strong></span> <span class='ocrx_word' id='word_1_110' title='bbox 344 1935 401 1988; x_wconf 87' lang='lat' dir='ltr'><strong>tun</strong></span> <span class='ocrx_word' id='word_1_111' title='bbox 421 1927 601 2006; x_wconf 78' lang='lat' dir='ltr'><strong>voluntate,</strong></span> <span class='ocrx_word' id='word_1_112' title='bbox 624 1937 684 1988; x_wconf 88' lang='lat' dir='ltr'><strong>etc.</strong></span> <span class='ocrx_word' id='word_1_113' title='bbox 705 1940 740 1988; x_wconf 83' lang='lat' dir='ltr'><strong>nt</strong></span> <span class='ocrx_word' id='word_1_114' title='bbox 763 1946 858 2010; x_wconf 78' lang='lat' dir='ltr'><strong>supra</strong></span> <span class='ocrx_word' id='word_1_115' title='bbox 880 1943 952 2011; x_wconf 82' lang='lat' dir='ltr'><strong>pag.</strong></span> <span class='ocrx_word' id='word_1_116' title='bbox 977 1925 1049 1986; x_wconf 77' lang='lat'><strong>551.</strong></span> 
     </span>
    </p>
   </div>
   <div class='ocr_carea' id='block_1_9' title="bbox 384 2039 1092 2125">
    <p class='ocr_par' dir='ltr' id='par_1_9' title="bbox 384 2039 1092 2125">
     <span class='ocr_line' id='line_1_17' title="bbox 384 2039 1092 2125; baseline -0.006 -21"><span class='ocrx_word' id='word_1_117' title='bbox 384 2041 428 2105; x_wconf 79' lang='lat' dir='ltr'><strong>Et</strong></span> <span class='ocrx_word' id='word_1_118' title='bbox 447 2045 476 2104; x_wconf 82' lang='lat' dir='ltr'><strong>si</strong></span> <span class='ocrx_word' id='word_1_119' title='bbox 498 2043 675 2106; x_wconf 76' lang='lat' dir='ltr'><strong>volccntoria</strong></span> <span class='ocrx_word' id='word_1_120' title='bbox 696 2064 817 2104; x_wconf 81' lang='lat' dir='ltr'><strong>servum</strong></span> <span class='ocrx_word' id='word_1_121' title='bbox 831 2044 953 2125; x_wconf 81' lang='lat' dir='ltr'><strong>accepit</strong></span> <span class='ocrx_word' id='word_1_122' title='bbox 964 2085 977 2114; x_wconf 87' lang='lat'><strong>,</strong></span> <span class='ocrx_word' id='word_1_123' title='bbox 1001 2039 1092 2106; x_wconf 69' lang='lat' dir='ltr'><strong>dieis.</strong></span> 
     </span>
    </p>
   </div>
   <div class='ocr_carea' id='block_1_10' title="bbox 183 2155 1292 2322">
    <p class='ocr_par' dir='ltr' id='par_1_10' title="bbox 183 2155 1292 2322">
     <span class='ocr_line' id='line_1_18' title="bbox 263 2155 1292 2240; baseline -0.01 -21"><span class='ocrx_word' id='word_1_124' title='bbox 263 2156 421 2219; x_wconf 80' lang='lat' dir='ltr'><em>Omnibus</em></span> <span class='ocrx_word' id='word_1_125' title='bbox 443 2178 508 2216; x_wconf 90' lang='lat' dir='ltr'><strong>non</strong></span> <span class='ocrx_word' id='word_1_126' title='bbox 525 2155 660 2218; x_wconf 80' lang='lat' dir='ltr'><strong>habetur</strong></span> <span class='ocrx_word' id='word_1_127' title='bbox 675 2156 874 2238; x_wconf 82' lang='lat' dir='ltr'><strong>incognitum</strong></span> <span class='ocrx_word' id='word_1_128' title='bbox 889 2155 1028 2240; x_wconf 79' lang='lat' dir='ltr'><strong>qualiter</strong></span> <span class='ocrx_word' id='word_1_129' title='bbox 1039 2171 1166 2215; x_wconf 83' lang='lat' dir='ltr'><strong>servum</strong></span> <span class='ocrx_word' id='word_1_130' title='bbox 1183 2171 1292 2210; x_wconf 85' lang='lat' dir='ltr'><strong>meum</strong></span> 
     </span>
     <span class='ocr_line' id='line_1_19' title="bbox 183 2235 1271 2322; baseline -0.007 -20"><span class='ocrx_word' id='word_1_131' title='bbox 183 2239 314 2304; x_wconf 87' lang='lat' dir='ltr'><strong>nomine</strong></span> <span class='ocrx_word' id='word_1_132' title='bbox 339 2240 432 2301; x_wconf 88' lang='lat' dir='ltr'><strong>ilium</strong></span> <span class='ocrx_word' id='word_1_133' title='bbox 454 2239 636 2304; x_wconf 80' lang='lat' dir='ltr'><strong>voluntaria</strong></span> <span class='ocrx_word' id='word_1_134' title='bbox 659 2250 767 2302; x_wconf 82' lang='lat' dir='ltr'><strong>secuta</strong></span> <span class='ocrx_word' id='word_1_135' title='bbox 788 2259 833 2317; x_wconf 89' lang='lat' dir='ltr'><strong>es,</strong></span> <span class='ocrx_word' id='word_1_136' title='bbox 856 2248 916 2300; x_wconf 87' lang='lat' dir='ltr'><strong>etc.</strong></span> <span class='ocrx_word' id='word_1_137' title='bbox 939 2247 1083 2322; x_wconf 74' lang='lat' dir='ltr'><strong>utsupra</strong></span> <span class='ocrx_word' id='word_1_138' title='bbox 1104 2255 1178 2320; x_wconf 81' lang='lat' dir='ltr'><strong>pag.</strong></span> <span class='ocrx_word' id='word_1_139' title='bbox 1199 2235 1271 2295; x_wconf 76' lang='lat'><strong>532.</strong></span> 
     </span>
    </p>
   </div>
   <div class='ocr_carea' id='block_1_11' title="bbox 522 2364 947 2458">
    <p class='ocr_par' dir='ltr' id='par_1_11' title="bbox 522 2364 947 2458">
     <span class='ocr_line' id='line_1_20' title="bbox 522 2364 947 2458; baseline -0.005 -20"><span class='ocrx_word' id='word_1_140' title='bbox 522 2364 595 2438; x_wconf 81' lang='lat' dir='ltr'><strong>Alia</strong></span> <span class='ocrx_word' id='word_1_141' title='bbox 620 2377 736 2439; x_wconf 77' lang='lat' dir='ltr'><strong>Charta</strong></span> <span class='ocrx_word' id='word_1_142' title='bbox 763 2378 947 2458; x_wconf 77' lang='lat' dir='ltr'><strong>agnationis,</strong></span> 
     </span>
    </p>
   </div>
   <div class='ocr_carea' id='block_1_12' title="bbox 182 2487 1290 2747">
    <p class='ocr_par' dir='ltr' id='par_1_12' title="bbox 182 2487 1290 2747">
     <span class='ocr_line' id='line_1_21' title="bbox 264 2487 1290 2575; baseline -0.006 -19"><span class='ocrx_word' id='word_1_143' title='bbox 264 2487 448 2572; x_wconf 60' lang='lat' dir='ltr'>LXXXVI,</span> <span class='ocrx_word' id='word_1_144' title='bbox 489 2494 648 2563; x_wconf 78' lang='lat' dir='ltr'><em>Omnibus</em></span> <span class='ocrx_word' id='word_1_145' title='bbox 673 2515 738 2555; x_wconf 91' lang='lat' dir='ltr'><strong>non</strong></span> <span class='ocrx_word' id='word_1_146' title='bbox 769 2493 904 2555; x_wconf 79' lang='lat' dir='ltr'><strong>habetur</strong></span> <span class='ocrx_word' id='word_1_147' title='bbox 928 2491 1129 2575; x_wconf 82' lang='lat' dir='ltr'><strong>incognitum</strong></span> <span class='ocrx_word' id='word_1_148' title='bbox 1146 2489 1290 2574; x_wconf 79' lang='lat' dir='ltr'><strong>qualiter</strong></span> 
     </span>
     <span class='ocr_line' id='line_1_22' title="bbox 183 2572 1290 2658; baseline -0.007 -19"><span class='ocrx_word' id='word_1_149' title='bbox 183 2586 216 2652; x_wconf 79' lang='lat' dir='ltr'><strong>ts</strong></span> <span class='ocrx_word' id='word_1_150' title='bbox 246 2599 305 2658; x_wconf 81' lang='lat' dir='ltr'><strong>pen</strong></span> <span class='ocrx_word' id='word_1_151' title='bbox 329 2578 526 2638; x_wconf 84' lang='lat' dir='ltr'><strong>voluntatem</strong></span> <span class='ocrx_word' id='word_1_152' title='bbox 558 2587 645 2638; x_wconf 80' lang='lat' dir='ltr'><strong>tuam</strong></span> <span class='ocrx_word' id='word_1_153' title='bbox 675 2598 782 2639; x_wconf 82' lang='lat' dir='ltr'><strong>servus</strong></span> <span class='ocrx_word' id='word_1_154' title='bbox 806 2575 885 2638; x_wconf 85' lang='lat' dir='ltr'><strong>iuris</strong></span> <span class='ocrx_word' id='word_1_155' title='bbox 913 2575 976 2635; x_wconf 88' lang='lat' dir='ltr'><strong>mei</strong></span> <span class='ocrx_word' id='word_1_156' title='bbox 1011 2573 1140 2636; x_wconf 89' lang='lat' dir='ltr'><strong>nomine</strong></span> <span class='ocrx_word' id='word_1_157' title='bbox 1163 2573 1224 2636; x_wconf 82' lang='lat' dir='ltr'><strong>itte</strong></span> <span class='ocrx_word' id='word_1_158' title='bbox 1250 2572 1290 2632; x_wconf 86' lang='lat' dir='ltr'><strong>ad</strong></span> 
     </span>
     <span class='ocr_line' id='line_1_23' title="bbox 182 2654 1091 2747; baseline -0.001 -28"><span class='ocrx_word' id='word_1_159' title='bbox 182 2659 371 2742; x_wconf 78' lang='lat' dir='ltr'><strong>coniugium</strong></span> <span class='ocrx_word' id='word_1_160' title='bbox 382 2654 518 2722; x_wconf 77' lang='lat' dir='ltr'><strong>sociavit</strong></span> <span class='ocrx_word' id='word_1_161' title='bbox 531 2655 675 2734; x_wconf 79' lang='lat' dir='ltr'><strong>uxorem,</strong></span> <span class='ocrx_word' id='word_1_162' title='bbox 698 2670 757 2720; x_wconf 87' lang='lat' dir='ltr'><strong>etc.</strong></span> <span class='ocrx_word' id='word_1_163' title='bbox 778 2671 921 2743; x_wconf 79' lang='lat' dir='ltr'><strong>utsupra</strong></span> <span class='ocrx_word' id='word_1_164' title='bbox 935 2655 1091 2747; x_wconf 31' lang='lat' dir='ltr'><strong>pannii&amp;</strong></span> 
     </span>
    </p>
   </div>
   <div class='ocr_carea' id='block_1_13' title="bbox 264 2756 1290 2969">
    <p class='ocr_par' dir='ltr' id='par_1_13' title="bbox 264 2756 1290 2969">
     <span class='ocr_line' id='line_1_24' title="bbox 269 2756 1207 2856; baseline 0.001 -21"><span class='ocrx_word' id='word_1_165' title='bbox 269 2773 509 2835; x_wconf 83' lang='lat' dir='ltr'><strong>Conculcatom&#39;a</strong></span> <span class='ocrx_word' id='word_1_166' title='bbox 531 2794 628 2854; x_wconf 71' lang='lat' dir='ltr'><strong>quam</strong></span> <span class='ocrx_word' id='word_1_167' title='bbox 648 2756 738 2835; x_wconf 74' lang='lat' dir='ltr'><strong>Atta</strong></span> <span class='ocrx_word' id='word_1_168' title='bbox 751 2771 838 2856; x_wconf 75' lang='lat' dir='ltr'><strong>sunit</strong></span> <span class='ocrx_word' id='word_1_169' title='bbox 861 2772 906 2833; x_wconf 83' lang='lat' dir='ltr'><strong>od</strong></span> <span class='ocrx_word' id='word_1_170' title='bbox 929 2773 1084 2834; x_wconf 75' lang='lat' dir='ltr'><strong>hominem</strong></span> <span class='ocrx_word' id='word_1_171' title='bbox 1105 2791 1207 2836; x_wconf 83' lang='lat' dir='ltr'><strong>sunm.</strong></span> 
     </span>
     <span class='ocr_line' id='line_1_25' title="bbox 264 2883 1290 2969; baseline 0 -22"><span class='ocrx_word' id='word_1_172' title='bbox 264 2883 463 2948; x_wconf 85' lang='lat' dir='ltr'>LXXXVII.</span> <span class='ocrx_word' id='word_1_173' title='bbox 504 2887 574 2969; x_wconf 83' lang='lat' dir='ltr'><strong>Ego</strong></span> <span class='ocrx_word' id='word_1_174' title='bbox 600 2887 635 2950; x_wconf 81' lang='lat' dir='ltr'><strong>ia</strong></span> <span class='ocrx_word' id='word_1_175' title='bbox 655 2887 717 2948; x_wconf 85' lang='lat' dir='ltr'><strong>Dei</strong></span> <span class='ocrx_word' id='word_1_176' title='bbox 737 2886 884 2962; x_wconf 85' lang='lat' dir='ltr'><strong>nomine,</strong></span> <span class='ocrx_word' id='word_1_177' title='bbox 906 2885 965 2946; x_wconf 89' lang='lat' dir='ltr'><strong>etsi</strong></span> <span class='ocrx_word' id='word_1_178' title='bbox 995 2895 1162 2967; x_wconf 80' lang='lat' dir='ltr'><strong>peccator,</strong></span> <span class='ocrx_word' id='word_1_179' title='bbox 1186 2907 1290 2948; x_wconf 85' lang='lat' dir='ltr'><strong>vene-</strong></span> 
     </span>
    </p>
   </div>
   <div class='ocr_carea' id='block_1_14' title="bbox 67 2966 1291 3050">
    <p class='ocr_par' dir='ltr' id='par_1_14' title="bbox 67 2966 1291 3050">
     <span class='ocr_line' id='line_1_26' title="bbox 67 2966 1291 3050; baseline -0.004 -17"><span class='ocrx_word' id='word_1_180' title='bbox 67 3025 71 3033; x_wconf 88' lang='lat'>.</span> <span class='ocrx_word' id='word_1_181' title='bbox 181 2966 291 3030; x_wconf 79' lang='lat' dir='ltr'><strong>rabilis</strong></span> <span class='ocrx_word' id='word_1_182' title='bbox 312 2968 361 3029; x_wconf 84' lang='lat' dir='ltr'><strong>vir</strong></span> <span class='ocrx_word' id='word_1_183' title='bbox 388 2969 444 3030; x_wconf 87' lang='lat' dir='ltr'><strong>ille</strong></span> <span class='ocrx_word' id='word_1_184' title='bbox 464 2969 553 3029; x_wconf 84' lang='lat' dir='ltr'>Abba</span> <span class='ocrx_word' id='word_1_185' title='bbox 575 2969 614 3030; x_wconf 86' lang='lat' dir='ltr'><strong>do</strong></span> <span class='ocrx_word' id='word_1_186' title='bbox 637 2970 831 3032; x_wconf 83' lang='lat' dir='ltr'><strong>Monosterio</strong></span> <span class='ocrx_word' id='word_1_187' title='bbox 856 2967 964 3029; x_wconf 82' lang='lat' dir='ltr'><strong>Sancti</strong></span> <span class='ocrx_word' id='word_1_188' title='bbox 987 2967 1092 3046; x_wconf 86' lang='lat' dir='ltr'><strong>illius,</strong></span> <span class='ocrx_word' id='word_1_189' title='bbox 1129 2969 1221 3050; x_wconf 87' lang='lat' dir='ltr'><strong>quod</strong></span> <span class='ocrx_word' id='word_1_190' title='bbox 1241 2978 1291 3028; x_wconf 88' lang='lat' dir='ltr'><strong>est</strong></span> 
     </span>
    </p>
   </div>
   <div class='ocr_carea' id='block_1_15' title="bbox 174 3049 1291 3220">
    <p class='ocr_par' dir='ltr' id='par_1_15' title="bbox 174 3049 1291 3220">
     <span class='ocr_line' id='line_1_27' title="bbox 179 3049 1291 3134; baseline -0.002 -24"><span class='ocrx_word' id='word_1_191' title='bbox 179 3050 214 3114; x_wconf 89' lang='lat' dir='ltr'><strong>iu</strong></span> <span class='ocrx_word' id='word_1_192' title='bbox 236 3072 318 3134; x_wconf 82' lang='lat' dir='ltr'><strong>pago</strong></span> <span class='ocrx_word' id='word_1_193' title='bbox 340 3049 397 3111; x_wconf 90' lang='lat' dir='ltr'><strong>illo</strong></span> <span class='ocrx_word' id='word_1_194' title='bbox 428 3060 657 3119; x_wconf 80' lang='lat' dir='ltr'><strong>constructum,</strong></span> <span class='ocrx_word' id='word_1_195' title='bbox 704 3054 793 3130; x_wconf 82' lang='lat' dir='ltr'><strong>&#39;Dum</strong></span> <span class='ocrx_word' id='word_1_196' title='bbox 822 3058 855 3113; x_wconf 84' lang='lat' dir='ltr'><strong>et</strong></span> <span class='ocrx_word' id='word_1_197' title='bbox 882 3049 1030 3114; x_wconf 85' lang='lat' dir='ltr'><strong>omnibus</strong></span> <span class='ocrx_word' id='word_1_198' title='bbox 1057 3071 1123 3112; x_wconf 89' lang='lat' dir='ltr'><strong>non</strong></span> <span class='ocrx_word' id='word_1_199' title='bbox 1154 3060 1205 3113; x_wconf 87' lang='lat' dir='ltr'><strong>est</strong></span> <span class='ocrx_word' id='word_1_200' title='bbox 1234 3050 1291 3109; x_wconf 91' lang='lat' dir='ltr'><strong>in·</strong></span> 
     </span>
     <span class='ocr_line' id='line_1_28' title="bbox 174 3133 793 3220; baseline -0.003 -24"><span class='ocrx_word' id='word_1_201' title='bbox 174 3133 357 3220; x_wconf 60' lang='lat' dir='ltr'><strong>*eognitnnn</strong></span> <span class='ocrx_word' id='word_1_202' title='bbox 379 3142 440 3200; x_wconf 86' lang='lat' dir='ltr'><strong>eto.</strong></span> <span class='ocrx_word' id='word_1_203' title='bbox 462 3146 610 3220; x_wconf 79' lang='lat' dir='ltr'><strong>utsupra</strong></span> <span class='ocrx_word' id='word_1_204' title='bbox 629 3155 701 3217; x_wconf 80' lang='lat' dir='ltr'><strong><em>pag.</em></strong></span> <span class='ocrx_word' id='word_1_205' title='bbox 723 3135 793 3211; x_wconf 74' lang='grc'><strong>404.</strong></span> 
     </span>
    </p>
   </div>
   <div class='ocr_carea' id='block_1_16' title="bbox 579 3249 898 3313">
    <p class='ocr_par' dir='ltr' id='par_1_16' title="bbox 579 3249 898 3313">
     <span class='ocr_line' id='line_1_29' title="bbox 579 3249 898 3313; baseline -0.003 0"><span class='ocrx_word' id='word_1_206' title='bbox 579 3249 695 3313; x_wconf 71' lang='lat' dir='ltr'><strong>Charta</strong></span> <span class='ocrx_word' id='word_1_207' title='bbox 721 3249 898 3312; x_wconf 79' lang='lat' dir='ltr'><strong>triscabino.</strong></span> 
     </span>
    </p>
   </div>
   <div class='ocr_carea' id='block_1_17' title="bbox 176 3362 1293 4185">
    <p class='ocr_par' dir='ltr' id='par_1_17' title="bbox 176 3362 1293 4185">
     <span class='ocr_line' id='line_1_30' title="bbox 261 3362 1292 3448; baseline -0.001 -21"><span class='ocrx_word' id='word_1_208' title='bbox 261 3363 474 3432; x_wconf 85' lang='lat' dir='ltr'>LXXXVIII.</span> <span class='ocrx_word' id='word_1_209' title='bbox 514 3365 585 3448; x_wconf 79' lang='lat' dir='ltr'><strong>Ego</strong></span> <span class='ocrx_word' id='word_1_210' title='bbox 612 3365 645 3424; x_wconf 90' lang='lat' dir='ltr'><strong>in</strong></span> <span class='ocrx_word' id='word_1_211' title='bbox 666 3365 728 3426; x_wconf 88' lang='lat' dir='ltr'><strong>Dei</strong></span> <span class='ocrx_word' id='word_1_212' title='bbox 747 3365 877 3425; x_wconf 86' lang='lat' dir='ltr'><strong>nomine</strong></span> <span class='ocrx_word' id='word_1_213' title='bbox 899 3362 956 3424; x_wconf 88' lang='lat' dir='ltr'><strong>illo</strong></span> <span class='ocrx_word' id='word_1_214' title='bbox 985 3363 1130 3445; x_wconf 78' lang='lat' dir='ltr'><strong>cogitans</strong></span> <span class='ocrx_word' id='word_1_215' title='bbox 1160 3363 1202 3426; x_wconf 92' lang='lat' dir='ltr'><strong>de</strong></span> <span class='ocrx_word' id='word_1_216' title='bbox 1225 3365 1292 3426; x_wconf 92' lang='lat' dir='ltr'><strong>Dei</strong></span> 
     </span>
     <span class='ocr_line' id='line_1_31' title="bbox 180 3445 1293 3528; baseline -0.004 -18"><span class='ocrx_word' id='word_1_217' title='bbox 180 3447 295 3510; x_wconf 85' lang='lat' dir='ltr'><strong>timore</strong></span> <span class='ocrx_word' id='word_1_218' title='bbox 311 3448 363 3510; x_wconf 83' lang='lat' dir='ltr'><strong>vel</strong></span> <span class='ocrx_word' id='word_1_219' title='bbox 377 3457 506 3508; x_wconf 83' lang='lat' dir='ltr'><strong>aeterna</strong></span> <span class='ocrx_word' id='word_1_220' title='bbox 528 3446 613 3508; x_wconf 84' lang='lat' dir='ltr'><strong>bona</strong></span> <span class='ocrx_word' id='word_1_221' title='bbox 626 3447 850 3522; x_wconf 80' lang='lat' dir='ltr'><strong>retributione,</strong></span> <span class='ocrx_word' id='word_1_222' title='bbox 864 3455 1033 3528; x_wconf 77' lang='lat' dir='ltr'><strong>propterea</strong></span> <span class='ocrx_word' id='word_1_223' title='bbox 1049 3445 1167 3508; x_wconf 87' lang='lat' dir='ltr'><strong>dilecta</strong></span> <span class='ocrx_word' id='word_1_224' title='bbox 1185 3456 1293 3508; x_wconf 81' lang='lat' dir='ltr'><strong>extra·</strong></span> 
     </span>
     <span class='ocr_line' id='line_1_32' title="bbox 179 3529 1291 3614; baseline 0.002 -26"><span class='ocrx_word' id='word_1_225' title='bbox 179 3549 241 3590; x_wconf 85' lang='lat' dir='ltr'><strong>nea</strong></span> <span class='ocrx_word' id='word_1_226' title='bbox 261 3530 371 3614; x_wconf 79' lang='lat' dir='ltr'><strong>puella</strong></span> <span class='ocrx_word' id='word_1_227' title='bbox 394 3529 524 3610; x_wconf 88' lang='lat' dir='ltr'><strong>nomine</strong></span> <span class='ocrx_word' id='word_1_228' title='bbox 547 3529 625 3604; x_wconf 89' lang='lat' dir='ltr'><strong>illa,</strong></span> <span class='ocrx_word' id='word_1_229' title='bbox 649 3529 726 3591; x_wconf 88' lang='lat' dir='ltr'><strong>licet</strong></span> <span class='ocrx_word' id='word_1_230' title='bbox 746 3536 779 3590; x_wconf 85' lang='lat' dir='ltr'><strong>te</strong></span> <span class='ocrx_word' id='word_1_231' title='bbox 815 3550 926 3590; x_wconf 84' lang='lat' dir='ltr'><strong>servus</strong></span> <span class='ocrx_word' id='word_1_232' title='bbox 947 3549 1036 3589; x_wconf 88' lang='lat' dir='ltr'><strong>meus</strong></span> <span class='ocrx_word' id='word_1_233' title='bbox 1067 3529 1201 3589; x_wconf 86' lang='lat' dir='ltr'><strong>nomine</strong></span> <span class='ocrx_word' id='word_1_234' title='bbox 1230 3529 1291 3590; x_wconf 89' lang='lat' dir='ltr'><strong>ille</strong></span> 
     </span>
     <span class='ocr_line' id='line_1_33' title="bbox 184 3610 1292 3692; baseline 0.001 -22"><span class='ocrx_word' id='word_1_235' title='bbox 184 3612 303 3692; x_wconf 86' lang='lat' dir='ltr'><strong>absque</strong></span> <span class='ocrx_word' id='word_1_236' title='bbox 320 3611 485 3672; x_wconf 84' lang='lat' dir='ltr'><strong>voluntate</strong></span> <span class='ocrx_word' id='word_1_237' title='bbox 499 3617 666 3691; x_wconf 86' lang='lat' dir='ltr'><strong>parentum</strong></span> <span class='ocrx_word' id='word_1_238' title='bbox 678 3620 806 3672; x_wconf 86' lang='lat' dir='ltr'><strong>tuorum</strong></span> <span class='ocrx_word' id='word_1_239' title='bbox 822 3619 855 3671; x_wconf 87' lang='lat' dir='ltr'><strong>te</strong></span> <span class='ocrx_word' id='word_1_240' title='bbox 870 3610 910 3670; x_wconf 89' lang='lat' dir='ltr'><strong>ad</strong></span> <span class='ocrx_word' id='word_1_241' title='bbox 922 3610 1111 3692; x_wconf 81' lang='lat' dir='ltr'><strong>coniugium</strong></span> <span class='ocrx_word' id='word_1_242' title='bbox 1126 3611 1213 3672; x_wconf 85' lang='lat' dir='ltr'><strong>visus</strong></span> <span class='ocrx_word' id='word_1_243' title='bbox 1226 3612 1292 3671; x_wconf 83' lang='lat' dir='ltr'><strong>fuit</strong></span> 
     </span>
     <span class='ocr_line' id='line_1_34' title="bbox 181 3691 1293 3773; baseline -0.002 -19"><span class='ocrx_word' id='word_1_244' title='bbox 181 3693 328 3770; x_wconf 80' lang='lat' dir='ltr'><strong>sociasse,</strong></span> <span class='ocrx_word' id='word_1_245' title='bbox 346 3694 434 3754; x_wconf 86' lang='lat' dir='ltr'><strong>unde</strong></span> <span class='ocrx_word' id='word_1_246' title='bbox 449 3693 533 3754; x_wconf 79' lang='lat' dir='ltr'><strong>vitae</strong></span> <span class='ocrx_word' id='word_1_247' title='bbox 547 3692 726 3772; x_wconf 86' lang='lat' dir='ltr'><strong>periculum</strong></span> <span class='ocrx_word' id='word_1_248' title='bbox 740 3693 906 3754; x_wconf 77' lang='lat' dir='ltr'><strong>incurrere</strong></span> <span class='ocrx_word' id='word_1_249' title='bbox 924 3691 1046 3770; x_wconf 87' lang='lat' dir='ltr'><strong>debuit,</strong></span> <span class='ocrx_word' id='word_1_250' title='bbox 1058 3695 1085 3754; x_wconf 89' lang='lat' dir='ltr'><strong>si</strong></span> <span class='ocrx_word' id='word_1_251' title='bbox 1100 3714 1164 3753; x_wconf 92' lang='lat' dir='ltr'><strong>non</strong></span> <span class='ocrx_word' id='word_1_252' title='bbox 1178 3715 1293 3773; x_wconf 81' lang='lat' dir='ltr'><strong>quam-</strong></span> 
     </span>
     <span class='ocr_line' id='line_1_35' title="bbox 176 3773 1293 3858; baseline 0 -24"><span class='ocrx_word' id='word_1_253' title='bbox 176 3774 290 3858; x_wconf 71' lang='lat' dir='ltr'><strong>&#39;plnnes</strong></span> <span class='ocrx_word' id='word_1_254' title='bbox 302 3784 473 3835; x_wconf 82' lang='lat' dir='ltr'><strong>extraneae</strong></span> <span class='ocrx_word' id='word_1_255' title='bbox 487 3795 642 3857; x_wconf 84' lang='lat' dir='ltr'><strong>personae</strong></span> <span class='ocrx_word' id='word_1_256' title='bbox 659 3773 820 3836; x_wconf 74' lang='lat' dir='ltr'><strong>ueletiam</strong></span> <span class='ocrx_word' id='word_1_257' title='bbox 839 3775 978 3835; x_wconf 86' lang='lat' dir='ltr'><strong>illustres</strong></span> <span class='ocrx_word' id='word_1_258' title='bbox 999 3775 1059 3838; x_wconf 80' lang='lat' dir='ltr'><strong>viri</strong></span> <span class='ocrx_word' id='word_1_259' title='bbox 1078 3775 1138 3836; x_wconf 89' lang='lat' dir='ltr'><strong>hac</strong></span> <span class='ocrx_word' id='word_1_260' title='bbox 1158 3775 1198 3835; x_wconf 90' lang='lat' dir='ltr'><strong>de</strong></span> <span class='ocrx_word' id='word_1_261' title='bbox 1215 3796 1293 3837; x_wconf 82' lang='lat' dir='ltr'><strong>can·</strong></span> 
     </span>
     <span class='ocr_line' id='line_1_36' title="bbox 181 3857 1291 3940; baseline -0.001 -22"><span class='ocrx_word' id='word_1_262' title='bbox 181 3879 215 3918; x_wconf 84' lang='lat' dir='ltr'><strong>sa</strong></span> <span class='ocrx_word' id='word_1_263' title='bbox 235 3857 357 3939; x_wconf 86' lang='lat' dir='ltr'><strong>saepius</strong></span> <span class='ocrx_word' id='word_1_264' title='bbox 375 3857 640 3933; x_wconf 84' lang='lat' dir='ltr'><strong>intervenissent,</strong></span> <span class='ocrx_word' id='word_1_265' title='bbox 662 3857 797 3924; x_wconf 81' lang='lat' dir='ltr'><strong>maxime</strong></span> <span class='ocrx_word' id='word_1_266' title='bbox 821 3877 898 3919; x_wconf 79' lang='lat' dir='ltr'><strong>veno</strong></span> <span class='ocrx_word' id='word_1_267' title='bbox 919 3857 994 3940; x_wconf 87' lang='lat' dir='ltr'><strong>quia</strong></span> <span class='ocrx_word' id='word_1_268' title='bbox 1017 3867 1052 3918; x_wconf 87' lang='lat' dir='ltr'><strong>tn</strong></span> <span class='ocrx_word' id='word_1_269' title='bbox 1070 3857 1154 3918; x_wconf 83' lang='lat' dir='ltr'><strong>infra</strong></span> <span class='ocrx_word' id='word_1_270' title='bbox 1177 3867 1291 3919; x_wconf 90' lang='lat' dir='ltr'><strong>noctes</strong></span> 
     </span>
     <span class='ocr_line' id='line_1_37' title="bbox 182 3938 1292 4022; baseline 0 -24"><span class='ocrx_word' id='word_1_271' title='bbox 182 3938 394 4022; x_wconf 80' lang='lat' dir='ltr'><strong>quadraginta</strong></span> <span class='ocrx_word' id='word_1_272' title='bbox 408 3939 584 4000; x_wconf 88' lang='lat' dir='ltr'><strong>secundum</strong></span> <span class='ocrx_word' id='word_1_273' title='bbox 597 3941 711 4020; x_wconf 82' lang='lat' dir='ltr'><strong>Legem</strong></span> <span class='ocrx_word' id='word_1_274' title='bbox 721 3938 929 4001; x_wconf 80' lang='lat' dir='ltr'><strong>Salicamvisa</strong></span> <span class='ocrx_word' id='word_1_275' title='bbox 939 3961 971 3998; x_wconf 88' lang='lat' dir='ltr'><strong>es</strong></span> <span class='ocrx_word' id='word_1_276' title='bbox 981 3940 1180 4016; x_wconf 84' lang='lat' dir='ltr'><strong>reclamasse,</strong></span> <span class='ocrx_word' id='word_1_277' title='bbox 1200 3960 1292 3999; x_wconf 89' lang='lat' dir='ltr'><strong>nunc</strong></span> 
     </span>
     <span class='ocr_line' id='line_1_38' title="bbox 183 4019 1292 4106; baseline 0 -26"><span class='ocrx_word' id='word_1_278' title='bbox 183 4021 284 4106; x_wconf 76' lang='lat' dir='ltr'><strong>igitur</strong></span> <span class='ocrx_word' id='word_1_279' title='bbox 304 4022 498 4104; x_wconf 85' lang='lat' dir='ltr'><strong>complacuit</strong></span> <span class='ocrx_word' id='word_1_280' title='bbox 521 4019 611 4081; x_wconf 90' lang='lat' dir='ltr'><strong>nobis</strong></span> <span class='ocrx_word' id='word_1_281' title='bbox 635 4023 905 4104; x_wconf 30' lang='lat' dir='ltr'><strong>atqueiconvenit</strong></span> <span class='ocrx_word' id='word_1_282' title='bbox 929 4031 964 4080; x_wconf 88' lang='lat' dir='ltr'><strong>ut</strong></span> <span class='ocrx_word' id='word_1_283' title='bbox 993 4022 1089 4084; x_wconf 84' lang='lat' dir='ltr'><strong>talem</strong></span> <span class='ocrx_word' id='word_1_284' title='bbox 1107 4021 1292 4082; x_wconf 86' lang='lat' dir='ltr'><strong>chartulam</strong></span> 
     </span>
     <span class='ocr_line' id='line_1_39' title="bbox 180 4102 1291 4185; baseline 0 -23"><span class='ocrx_word' id='word_1_285' title='bbox 180 4102 385 4176; x_wconf 75' lang='lat' dir='ltr'><strong>triscabinam</strong></span> <span class='ocrx_word' id='word_1_286' title='bbox 409 4125 466 4164; x_wconf 90' lang='lat' dir='ltr'><strong>seu</strong></span> <span class='ocrx_word' id='word_1_287' title='bbox 494 4103 700 4185; x_wconf 79' lang='lat' dir='ltr'><strong>ingenuitatis</strong></span> <span class='ocrx_word' id='word_1_288' title='bbox 726 4103 786 4184; x_wconf 83' lang='lat' dir='ltr'><strong>ipsi</strong></span> <span class='ocrx_word' id='word_1_289' title='bbox 810 4124 903 4164; x_wconf 82' lang='lat' dir='ltr'><strong>servo</strong></span> <span class='ocrx_word' id='word_1_290' title='bbox 933 4113 1042 4164; x_wconf 84' lang='lat' dir='ltr'><strong>nostro</strong></span> <span class='ocrx_word' id='word_1_291' title='bbox 1073 4103 1205 4165; x_wconf 85' lang='lat' dir='ltr'><strong>nomine</strong></span> <span class='ocrx_word' id='word_1_292' title='bbox 1228 4103 1291 4163; x_wconf 93' lang='lat' dir='ltr'><strong>illo</strong></span> 
     </span>
    </p>
   </div>
   <div class='ocr_carea' id='block_1_18' title="bbox 71 4185 1289 4268">
    <p class='ocr_par' dir='ltr' id='par_1_18' title="bbox 71 4185 1289 4268">
     <span class='ocr_line' id='line_1_40' title="bbox 71 4185 1289 4268; baseline 0 -24"><span class='ocrx_word' id='word_1_293' title='bbox 71 4187 74 4194; x_wconf 67' lang='grc'><em>“</em></span> <span class='ocrx_word' id='word_1_294' title='bbox 181 4185 252 4246; x_wconf 75' lang='lat' dir='ltr'><strong>fieri</strong></span> <span class='ocrx_word' id='word_1_295' title='bbox 275 4185 326 4247; x_wconf 84' lang='lat' dir='ltr'><strong>vel</strong></span> <span class='ocrx_word' id='word_1_296' title='bbox 352 4186 477 4247; x_wconf 83' lang='lat' dir='ltr'><strong>firmare</strong></span> <span class='ocrx_word' id='word_1_297' title='bbox 508 4205 711 4266; x_wconf 74' lang='lat' dir='ltr'><strong>rogaremus,</strong></span> <span class='ocrx_word' id='word_1_298' title='bbox 741 4193 776 4244; x_wconf 90' lang='lat' dir='ltr'><strong>ut</strong></span> <span class='ocrx_word' id='word_1_299' title='bbox 802 4185 891 4244; x_wconf 83' lang='lat' dir='ltr'><strong>nulla</strong></span> <span class='ocrx_word' id='word_1_300' title='bbox 915 4205 1057 4266; x_wconf 85' lang='lat' dir='ltr'><strong>unquam</strong></span> <span class='ocrx_word' id='word_1_301' title='bbox 1084 4194 1231 4268; x_wconf 77' lang='lat' dir='ltr'><strong>tempore</strong></span> <span class='ocrx_word' id='word_1_302' title='bbox 1254 4186 1289 4244; x_wconf 90' lang='lat' dir='ltr'><strong>iu</strong></span> 
     </span>
    </p>
   </div>
   <div class='ocr_carea' id='block_1_19' title="bbox 143 4266 1291 4352">
    <p class='ocr_par' dir='ltr' id='par_1_19' title="bbox 143 4266 1291 4352">
     <span class='ocr_line' id='line_1_41' title="bbox 143 4266 1291 4352; baseline 0 -23"><span class='ocrx_word' id='word_1_303' title='bbox 143 4279 144 4282; x_wconf 76' lang='grc'>’</span> <span class='ocrx_word' id='word_1_304' title='bbox 181 4266 315 4350; x_wconf 80' lang='lat' dir='ltr'><strong>aliquod</strong></span> <span class='ocrx_word' id='word_1_305' title='bbox 340 4267 508 4331; x_wconf 83' lang='lat' dir='ltr'><strong>servitium</strong></span> <span class='ocrx_word' id='word_1_306' title='bbox 535 4267 684 4341; x_wconf 76' lang='lat' dir='ltr'><strong>inclinari</strong></span> <span class='ocrx_word' id='word_1_307' title='bbox 713 4287 778 4328; x_wconf 88' lang='lat' dir='ltr'><strong>non</strong></span> <span class='ocrx_word' id='word_1_308' title='bbox 801 4267 925 4330; x_wconf 85' lang='lat' dir='ltr'><strong>debeat.</strong></span> <span class='ocrx_word' id='word_1_309' title='bbox 968 4268 1031 4330; x_wconf 87' lang='lat' dir='ltr'><strong>Sed</strong></span> <span class='ocrx_word' id='word_1_310' title='bbox 1061 4278 1093 4328; x_wconf 91' lang='lat' dir='ltr'><strong>et</strong></span> <span class='ocrx_word' id='word_1_311' title='bbox 1122 4268 1149 4329; x_wconf 86' lang='lat' dir='ltr'><strong>si</strong></span> <span class='ocrx_word' id='word_1_312' title='bbox 1179 4269 1291 4352; x_wconf 81' lang='lat' dir='ltr'><strong>aliqua</strong></span> 
     </span>
    </p>
   </div>
   <div class='ocr_carea' id='block_1_20' title="bbox 0 0 1372 4981">
    <p class='ocr_par' dir='ltr' id='par_1_20' title="bbox 0 0 1372 4981">
     <span class='ocr_line' id='line_1_42' title="bbox 0 0 1372 4981; baseline 0 0"><span class='ocrx_word' id='word_1_313' title='bbox 0 0 1372 4981; x_wconf 95' lang='lat' dir='ltr'><strong> </strong></span> 
     </span>
    </p>
   </div>
  </div>
 </body>
</html>
