<?xml version="1.0" encoding="UTF-8"?>
<!DOCTYPE html PUBLIC "-//W3C//DTD XHTML 1.0 Transitional//EN"
    "http://www.w3.org/TR/xhtml1/DTD/xhtml1-transitional.dtd">
<html xmlns="http://www.w3.org/1999/xhtml" xml:lang="en" lang="en">
 <head>
  <title>
</title>
<meta http-equiv="Content-Type" content="text/html;charset=utf-8" />
  <meta name='ocr-system' content='tesseract 3.04.00' />
  <meta name='ocr-capabilities' content='ocr_page ocr_carea ocr_par ocr_line ocrx_word'/>
</head>
<body>
  <div class='ocr_page' id='page_1' title='image "./corpusiurisgerm03visigoog_0116.png"; bbox 0 0 2676 4976; ppageno 0'>
   <div class='ocr_carea' id='block_1_1' title="bbox 479 250 1168 324">
    <p class='ocr_par' dir='ltr' id='par_1_1' title="bbox 479 250 1168 324">
     <span class='ocr_line' id='line_1_1' title="bbox 479 250 1168 324; baseline -0.006 -2"><span class='ocrx_word' id='word_1_1' title='bbox 479 257 759 324; x_wconf 75' lang='lat' dir='ltr'><strong>innatamnscs</strong></span> <span class='ocrx_word' id='word_1_2' title='bbox 1096 250 1168 319; x_wconf 75' lang='lat'><strong>509</strong></span> 
     </span>
    </p>
   </div>
   <div class='ocr_carea' id='block_1_2' title="bbox 82 407 1169 593">
    <p class='ocr_par' dir='ltr' id='par_1_2' title="bbox 82 407 1169 593">
     <span class='ocr_line' id='line_1_2' title="bbox 82 407 1169 509; baseline -0.017 -24"><span class='ocrx_word' id='word_1_3' title='bbox 82 414 200 509; x_wconf 61' lang='lat' dir='ltr'><strong>quietus</strong></span> <span class='ocrx_word' id='word_1_4' title='bbox 220 419 249 478; x_wconf 80' lang='lat' dir='ltr'><strong>et</strong></span> <span class='ocrx_word' id='word_1_5' title='bbox 268 417 395 476; x_wconf 71' lang='lat' dir='ltr'><strong>aeturus</strong></span> <span class='ocrx_word' id='word_1_6' title='bbox 415 409 568 492; x_wconf 73' lang='lat' dir='ltr'><strong>resediat:</strong></span> <span class='ocrx_word' id='word_1_7' title='bbox 591 407 639 467; x_wconf 90' lang='lat' dir='ltr'><strong>sin</strong></span> <span class='ocrx_word' id='word_1_8' title='bbox 662 416 770 468; x_wconf 88' lang='lat' dir='ltr'><strong>autem</strong></span> <span class='ocrx_word' id='word_1_9' title='bbox 793 419 857 468; x_wconf 84' lang='lat' dir='ltr'><strong>non</strong></span> <span class='ocrx_word' id='word_1_10' title='bbox 883 409 1034 491; x_wconf 88' lang='lat' dir='ltr'><strong>potuerit,</strong></span> <span class='ocrx_word' id='word_1_11' title='bbox 1057 419 1169 473; x_wconf 75' lang='lat' dir='ltr'><strong>contra</strong></span> 
     </span>
     <span class='ocr_line' id='line_1_3' title="bbox 85 491 667 593; baseline -0.033 -25"><span class='ocrx_word' id='word_1_12' title='bbox 85 511 149 593; x_wconf 87' lang='lat' dir='ltr'><strong>ipso</strong></span> <span class='ocrx_word' id='word_1_13' title='bbox 169 499 319 564; x_wconf 87' lang='lat' dir='ltr'><strong>hominem</strong></span> <span class='ocrx_word' id='word_1_14' title='bbox 341 492 523 554; x_wconf 74' lang='lat' dir='ltr'><strong>satisfacere</strong></span> <span class='ocrx_word' id='word_1_15' title='bbox 544 491 667 554; x_wconf 86' lang='lat' dir='ltr'><strong>debeat.</strong></span> 
     </span>
    </p>
   </div>
   <div class='ocr_carea' id='block_1_3' title="bbox 404 619 759 704">
    <p class='ocr_par' dir='ltr' id='par_1_3' title="bbox 404 619 759 704">
     <span class='ocr_line' id='line_1_4' title="bbox 404 619 759 704; baseline 0.006 -26"><span class='ocrx_word' id='word_1_16' title='bbox 404 667 407 678; x_wconf 92' lang='lat'><em>.</em></span> <span class='ocrx_word' id='word_1_17' title='bbox 467 622 586 704; x_wconf 82' lang='lat' dir='ltr'><strong>Incipit</strong></span> <span class='ocrx_word' id='word_1_18' title='bbox 614 619 759 687; x_wconf 76' lang='lat' dir='ltr'><strong>indicina.</strong></span> 
     </span>
    </p>
   </div>
   <div class='ocr_carea' id='block_1_4' title="bbox 80 732 1181 3212">
    <p class='ocr_par' dir='ltr' id='par_1_4' title="bbox 80 732 1177 2062">
     <span class='ocr_line' id='line_1_5' title="bbox 167 732 1168 822; baseline 0 -17"><span class='ocrx_word' id='word_1_19' title='bbox 167 733 267 805; x_wconf 81' lang='lat' dir='ltr'>XXIX.</span> <span class='ocrx_word' id='word_1_20' title='bbox 303 732 449 804; x_wconf 75' lang='lat' dir='ltr'><strong>veniens</strong></span> <span class='ocrx_word' id='word_1_21' title='bbox 469 737 578 814; x_wconf 85' lang='lat' dir='ltr'><strong>home,</strong></span> <span class='ocrx_word' id='word_1_22' title='bbox 600 757 717 800; x_wconf 86' lang='lat' dir='ltr'><strong>nomen</strong></span> <span class='ocrx_word' id='word_1_23' title='bbox 746 736 808 815; x_wconf 94' lang='lat' dir='ltr'><strong>illi,</strong></span> <span class='ocrx_word' id='word_1_24' title='bbox 838 749 915 822; x_wconf 91' lang='lat' dir='ltr'><strong>aput</strong></span> <span class='ocrx_word' id='word_1_25' title='bbox 936 741 1075 822; x_wconf 85' lang='lat' dir='ltr'><strong>femina,</strong></span> <span class='ocrx_word' id='word_1_26' title='bbox 1109 763 1168 806; x_wconf 91' lang='lat' dir='ltr'><strong>no-</strong></span> 
     </span>
     <span class='ocr_line' id='line_1_6' title="bbox 93 819 1170 906; baseline 0 -17"><span class='ocrx_word' id='word_1_27' title='bbox 93 847 159 889; x_wconf 87' lang='lat' dir='ltr'><strong>men</strong></span> <span class='ocrx_word' id='word_1_28' title='bbox 184 826 247 902; x_wconf 86' lang='lat' dir='ltr'><strong>illa,</strong></span> <span class='ocrx_word' id='word_1_29' title='bbox 272 823 326 906; x_wconf 91' lang='lat' dir='ltr'><strong>qui</strong></span> <span class='ocrx_word' id='word_1_30' title='bbox 357 822 427 885; x_wconf 85' lang='lat' dir='ltr'><strong>fuit·</strong></span> <span class='ocrx_word' id='word_1_31' title='bbox 446 823 567 882; x_wconf 79' lang='lat' dir='ltr'><strong>coniux</strong></span> <span class='ocrx_word' id='word_1_32' title='bbox 597 819 655 879; x_wconf 88' lang='lat' dir='ltr'><strong>illa</strong></span> <span class='ocrx_word' id='word_1_33' title='bbox 681 821 844 900; x_wconf 86' lang='lat' dir='ltr'><strong>quondam</strong></span> <span class='ocrx_word' id='word_1_34' title='bbox 870 844 1039 904; x_wconf 82' lang='lat' dir='ltr'><strong>germanus</strong></span> <span class='ocrx_word' id='word_1_35' title='bbox 1068 825 1170 906; x_wconf 86' lang='lat' dir='ltr'><strong>illius,</strong></span> 
     </span>
     <span class='ocr_line' id='line_1_7' title="bbox 94 901 1169 988; baseline -0.002 -16"><span class='ocrx_word' id='word_1_36' title='bbox 94 920 158 972; x_wconf 87' lang='lat' dir='ltr'><strong>aute</strong></span> <span class='ocrx_word' id='word_1_37' title='bbox 178 907 344 969; x_wconf 83' lang='lat' dir='ltr'><strong>venerabile</strong></span> <span class='ocrx_word' id='word_1_38' title='bbox 366 905 418 966; x_wconf 91' lang='lat' dir='ltr'><strong>vir</strong></span> <span class='ocrx_word' id='word_1_39' title='bbox 439 904 490 963; x_wconf 93' lang='lat' dir='ltr'><strong>illi</strong></span> <span class='ocrx_word' id='word_1_40' title='bbox 512 901 963 982; x_wconf 71' lang='lat' dir='ltr'><strong>Abbate,¹interpellaverunt</strong></span> <span class='ocrx_word' id='word_1_41' title='bbox 983 906 1169 988; x_wconf 89' lang='lat' dir='ltr'><strong>hominem,</strong></span> 
     </span>
     <span class='ocr_line' id='line_1_8' title="bbox 94 982 1170 1072; baseline 0 -19"><span class='ocrx_word' id='word_1_42' title='bbox 94 1013 191 1053; x_wconf 89' lang='lat' dir='ltr'><strong>nomen</strong></span> <span class='ocrx_word' id='word_1_43' title='bbox 209 989 279 1066; x_wconf 90' lang='lat' dir='ltr'><strong>illo,</strong></span> <span class='ocrx_word' id='word_1_44' title='bbox 308 987 402 1070; x_wconf 89' lang='lat' dir='ltr'><strong>quasi</strong></span> <span class='ocrx_word' id='word_1_45' title='bbox 423 984 589 1048; x_wconf 85' lang='lat' dir='ltr'><strong>servitium</strong></span> <span class='ocrx_word' id='word_1_46' title='bbox 615 982 673 1065; x_wconf 88' lang='lat' dir='ltr'><strong>qui</strong></span> <span class='ocrx_word' id='word_1_47' title='bbox 695 985 830 1045; x_wconf 83' lang='lat' dir='ltr'><strong>fuerunt</strong></span> <span class='ocrx_word' id='word_1_48' title='bbox 851 985 951 1068; x_wconf 89' lang='lat' dir='ltr'><strong>ipsius</strong></span> <span class='ocrx_word' id='word_1_49' title='bbox 972 988 1040 1066; x_wconf 91' lang='lat' dir='ltr'><strong>illi,</strong></span> <span class='ocrx_word' id='word_1_50' title='bbox 1062 1012 1170 1072; x_wconf 85' lang='lat' dir='ltr'><strong>quon·-</strong></span> 
     </span>
     <span class='ocr_line' id='line_1_9' title="bbox 94 1064 1170 1156; baseline 0 -21"><span class='ocrx_word' id='word_1_51' title='bbox 94 1075 154 1137; x_wconf 87' lang='lat' dir='ltr'><strong>dam</strong></span> <span class='ocrx_word' id='word_1_52' title='bbox 171 1081 232 1154; x_wconf 90' lang='lat' dir='ltr'><strong>post</strong></span> <span class='ocrx_word' id='word_1_53' title='bbox 253 1093 285 1132; x_wconf 91' lang='lat' dir='ltr'><strong>se</strong></span> <span class='ocrx_word' id='word_1_54' title='bbox 306 1069 464 1130; x_wconf 81' lang='lat' dir='ltr'>habuissit</span> <span class='ocrx_word' id='word_1_55' title='bbox 486 1067 733 1143; x_wconf 84' lang='lat' dir='ltr'><strong>commendatas,</strong></span> <span class='ocrx_word' id='word_1_56' title='bbox 754 1064 818 1128; x_wconf 88' lang='lat' dir='ltr'><strong>hoc</strong></span> <span class='ocrx_word' id='word_1_57' title='bbox 838 1078 885 1130; x_wconf 89' lang='lat' dir='ltr'><strong>est</strong></span> <span class='ocrx_word' id='word_1_58' title='bbox 913 1070 1003 1130; x_wconf 89' lang='lat' dir='ltr'><strong>illam</strong></span> <span class='ocrx_word' id='word_1_59' title='bbox 1026 1093 1096 1134; x_wconf 89' lang='lat' dir='ltr'><strong>rem</strong></span> <span class='ocrx_word' id='word_1_60' title='bbox 1112 1075 1170 1156; x_wconf 89' lang='lat' dir='ltr'><strong>qui</strong></span> 
     </span>
     <span class='ocr_line' id='line_1_10' title="bbox 92 1147 1172 1239; baseline 0.003 -24"><span class='ocrx_word' id='word_1_61' title='bbox 92 1155 133 1216; x_wconf 77' lang='lat' dir='ltr'><strong>tili</strong></span> <span class='ocrx_word' id='word_1_62' title='bbox 156 1155 189 1214; x_wconf 87' lang='lat' dir='ltr'><strong>ad</strong></span> <span class='ocrx_word' id='word_1_63' title='bbox 210 1164 360 1234; x_wconf 78' lang='lat' dir='ltr'><strong>praesens</strong></span> <span class='ocrx_word' id='word_1_64' title='bbox 391 1152 519 1212; x_wconf 77' lang='lat' dir='ltr'><strong>aderat:</strong></span> <span class='ocrx_word' id='word_1_65' title='bbox 550 1159 582 1210; x_wconf 92' lang='lat' dir='ltr'><strong>et</strong></span> <span class='ocrx_word' id='word_1_66' title='bbox 611 1147 674 1209; x_wconf 89' lang='lat' dir='ltr'><strong>hoe</strong></span> <span class='ocrx_word' id='word_1_67' title='bbox 698 1158 801 1209; x_wconf 89' lang='lat' dir='ltr'><strong>totum</strong></span> <span class='ocrx_word' id='word_1_68' title='bbox 827 1150 954 1213; x_wconf 84' lang='lat' dir='ltr'><strong>fortiter</strong></span> <span class='ocrx_word' id='word_1_69' title='bbox 985 1155 1172 1239; x_wconf 80' lang='lat' dir='ltr'><strong>denegabat.</strong></span> 
     </span>
     <span class='ocr_line' id='line_1_11' title="bbox 88 1229 1173 1320; baseline -0.006 -23"><span class='ocrx_word' id='word_1_70' title='bbox 88 1239 350 1317; x_wconf 79' lang='lat' dir='ltr'><strong>interrogaverunt</strong></span> <span class='ocrx_word' id='word_1_71' title='bbox 369 1234 470 1316; x_wconf 89' lang='lat' dir='ltr'><strong>ipsius</strong></span> <span class='ocrx_word' id='word_1_72' title='bbox 486 1232 548 1309; x_wconf 92' lang='lat' dir='ltr'><strong>illi,</strong></span> <span class='ocrx_word' id='word_1_73' title='bbox 569 1253 602 1294; x_wconf 88' lang='lat' dir='ltr'><strong>se</strong></span> <span class='ocrx_word' id='word_1_74' title='bbox 618 1229 755 1291; x_wconf 88' lang='lat' dir='ltr'><strong>habebat</strong></span> <span class='ocrx_word' id='word_1_75' title='bbox 775 1231 922 1294; x_wconf 86' lang='lat' dir='ltr'><strong>homines</strong></span> <span class='ocrx_word' id='word_1_76' title='bbox 945 1236 1002 1316; x_wconf 88' lang='lat' dir='ltr'><strong>qui</strong></span> <span class='ocrx_word' id='word_1_77' title='bbox 1026 1238 1066 1300; x_wconf 88' lang='lat' dir='ltr'><strong>de</strong></span> <span class='ocrx_word' id='word_1_78' title='bbox 1082 1261 1173 1320; x_wconf 59' lang='lat' dir='ltr'><strong>praea</strong></span> 
     </span>
     <span class='ocr_line' id='line_1_12' title="bbox 85 1313 1173 1400; baseline 0.003 -18"><span class='ocrx_word' id='word_1_79' title='bbox 85 1328 161 1382; x_wconf 86' lang='lat' dir='ltr'><strong>sente</strong></span> <span class='ocrx_word' id='word_1_80' title='bbox 187 1319 339 1395; x_wconf 88' lang='lat' dir='ltr'><strong>luissent,</strong></span> <span class='ocrx_word' id='word_1_81' title='bbox 369 1324 406 1374; x_wconf 90' lang='lat' dir='ltr'><strong>ut</strong></span> <span class='ocrx_word' id='word_1_82' title='bbox 427 1317 583 1376; x_wconf 86' lang='lat' dir='ltr'><strong>vidissent</strong></span> <span class='ocrx_word' id='word_1_83' title='bbox 606 1313 734 1393; x_wconf 87' lang='lat' dir='ltr'><strong>quando</strong></span> <span class='ocrx_word' id='word_1_84' title='bbox 761 1313 829 1396; x_wconf 87' lang='lat' dir='ltr'><strong>ipsa</strong></span> <span class='ocrx_word' id='word_1_85' title='bbox 853 1315 951 1376; x_wconf 84' lang='lat' dir='ltr'><strong>rauba</strong></span> <span class='ocrx_word' id='word_1_86' title='bbox 973 1319 1033 1400; x_wconf 91' lang='lat' dir='ltr'><strong>ipsi</strong></span> <span class='ocrx_word' id='word_1_87' title='bbox 1062 1321 1114 1382; x_wconf 92' lang='lat' dir='ltr'><strong>illi</strong></span> <span class='ocrx_word' id='word_1_88' title='bbox 1139 1333 1173 1384; x_wconf 87' lang='lat' dir='ltr'><strong>et</strong></span> 
     </span>
     <span class='ocr_line' id='line_1_13' title="bbox 83 1394 1173 1479; baseline 0.007 -19"><span class='ocrx_word' id='word_1_89' title='bbox 83 1401 125 1460; x_wconf 90' lang='lat' dir='ltr'><strong>illi</strong></span> <span class='ocrx_word' id='word_1_90' title='bbox 150 1401 403 1460; x_wconf 79' lang='lat' dir='ltr'><strong>commendasset.</strong></span> <span class='ocrx_word' id='word_1_91' title='bbox 444 1394 569 1458; x_wconf 80' lang='lat' dir='ltr'><strong>Taliter</strong></span> <span class='ocrx_word' id='word_1_92' title='bbox 592 1397 696 1456; x_wconf 87' lang='lat' dir='ltr'><strong>visum</strong></span> <span class='ocrx_word' id='word_1_93' title='bbox 724 1395 787 1456; x_wconf 92' lang='lat' dir='ltr'><strong>fuit</strong></span> <span class='ocrx_word' id='word_1_94' title='bbox 806 1397 844 1456; x_wconf 90' lang='lat' dir='ltr'><strong>ab</strong></span> <span class='ocrx_word' id='word_1_95' title='bbox 869 1397 938 1479; x_wconf 89' lang='lat' dir='ltr'><strong>ipso</strong></span> <span class='ocrx_word' id='word_1_96' title='bbox 966 1400 1089 1464; x_wconf 82' lang='lat' dir='ltr'><strong>Abbate</strong></span> <span class='ocrx_word' id='word_1_97' title='bbox 1119 1407 1173 1468; x_wconf 88' lang='lat' dir='ltr'><strong>vel</strong></span> 
     </span>
     <span class='ocr_line' id='line_1_14' title="bbox 83 1477 1174 1564; baseline 0.005 -20"><span class='ocrx_word' id='word_1_98' title='bbox 83 1484 130 1564; x_wconf 91' lang='lat' dir='ltr'><strong>qui</strong></span> <span class='ocrx_word' id='word_1_99' title='bbox 155 1505 223 1544; x_wconf 90' lang='lat' dir='ltr'><strong>cum</strong></span> <span class='ocrx_word' id='word_1_100' title='bbox 250 1499 290 1544; x_wconf 85' lang='lat' dir='ltr'><strong>eo</strong></span> <span class='ocrx_word' id='word_1_101' title='bbox 312 1481 457 1557; x_wconf 87' lang='lat' dir='ltr'><strong>aderant,</strong></span> <span class='ocrx_word' id='word_1_102' title='bbox 479 1480 512 1538; x_wconf 91' lang='lat' dir='ltr'><strong>in</strong></span> <span class='ocrx_word' id='word_1_103' title='bbox 542 1477 644 1540; x_wconf 90' lang='lat' dir='ltr'><strong>noctis</strong></span> <span class='ocrx_word' id='word_1_104' title='bbox 666 1478 762 1538; x_wconf 90' lang='lat' dir='ltr'><strong>tantis</strong></span> <span class='ocrx_word' id='word_1_105' title='bbox 789 1478 880 1540; x_wconf 86' lang='lat' dir='ltr'><strong>daret</strong></span> <span class='ocrx_word' id='word_1_106' title='bbox 901 1479 1049 1547; x_wconf 85' lang='lat' dir='ltr'><strong>homines</strong></span> <span class='ocrx_word' id='word_1_107' title='bbox 1066 1495 1174 1551; x_wconf 83' lang='lat' dir='ltr'><strong>tantus</strong></span> 
     </span>
     <span class='ocr_line' id='line_1_15' title="bbox 81 1560 1175 1652; baseline -0.005 -27"><span class='ocrx_word' id='word_1_108' title='bbox 81 1566 153 1626; x_wconf 87' lang='lat' dir='ltr'><strong>bene</strong></span> <span class='ocrx_word' id='word_1_109' title='bbox 172 1565 265 1625; x_wconf 88' lang='lat' dir='ltr'><strong>tidem</strong></span> <span class='ocrx_word' id='word_1_110' title='bbox 287 1563 444 1624; x_wconf 86' lang='lat' dir='ltr'><strong>habentes</strong></span> <span class='ocrx_word' id='word_1_111' title='bbox 472 1561 587 1622; x_wconf 88' lang='lat' dir='ltr'><strong>vicinis</strong></span> <span class='ocrx_word' id='word_1_112' title='bbox 611 1560 698 1620; x_wconf 89' lang='lat' dir='ltr'><strong>circa</strong></span> <span class='ocrx_word' id='word_1_113' title='bbox 723 1562 902 1639; x_wconf 85' lang='lat' dir='ltr'><strong>manantis,</strong></span> <span class='ocrx_word' id='word_1_114' title='bbox 929 1565 987 1646; x_wconf 86' lang='lat' dir='ltr'><strong>qui</strong></span> <span class='ocrx_word' id='word_1_115' title='bbox 1013 1568 1052 1628; x_wconf 88' lang='lat' dir='ltr'><strong>de</strong></span> <span class='ocrx_word' id='word_1_116' title='bbox 1078 1590 1175 1652; x_wconf 74' lang='lat' dir='ltr'><strong>prae.</strong></span> 
     </span>
     <span class='ocr_line' id='line_1_16' title="bbox 80 1645 1175 1734; baseline 0.002 -24"><span class='ocrx_word' id='word_1_117' title='bbox 80 1655 159 1710; x_wconf 89' lang='lat' dir='ltr'><strong>sente</strong></span> <span class='ocrx_word' id='word_1_118' title='bbox 178 1647 326 1722; x_wconf 85' lang='lat' dir='ltr'><strong>fuissent,</strong></span> <span class='ocrx_word' id='word_1_119' title='bbox 349 1654 382 1707; x_wconf 91' lang='lat' dir='ltr'><strong>et</strong></span> <span class='ocrx_word' id='word_1_120' title='bbox 399 1645 555 1707; x_wconf 87' lang='lat' dir='ltr'><strong>vidissent</strong></span> <span class='ocrx_word' id='word_1_121' title='bbox 577 1664 672 1725; x_wconf 87' lang='lat' dir='ltr'><strong>supra</strong></span> <span class='ocrx_word' id='word_1_122' title='bbox 693 1645 813 1725; x_wconf 85' lang='lat' dir='ltr'><strong>scripto</strong></span> <span class='ocrx_word' id='word_1_123' title='bbox 843 1645 900 1704; x_wconf 93' lang='lat' dir='ltr'><strong>illo</strong></span> <span class='ocrx_word' id='word_1_124' title='bbox 922 1651 1084 1727; x_wconf 90' lang='lat' dir='ltr'><strong>quondam</strong></span> <span class='ocrx_word' id='word_1_125' title='bbox 1106 1652 1175 1734; x_wconf 86' lang='lat' dir='ltr'><strong>ipsa</strong></span> 
     </span>
     <span class='ocr_line' id='line_1_17' title="bbox 81 1724 1175 1812; baseline 0.003 -21"><span class='ocrx_word' id='word_1_126' title='bbox 81 1729 167 1791; x_wconf 85' lang='lat' dir='ltr'><strong>rauba</strong></span> <span class='ocrx_word' id='word_1_127' title='bbox 186 1729 245 1812; x_wconf 90' lang='lat' dir='ltr'><strong>ipsi</strong></span> <span class='ocrx_word' id='word_1_128' title='bbox 275 1728 329 1789; x_wconf 91' lang='lat' dir='ltr'><strong>illi</strong></span> <span class='ocrx_word' id='word_1_129' title='bbox 351 1727 620 1803; x_wconf 77' lang='lat' dir='ltr'><strong>commendasset,</strong></span> <span class='ocrx_word' id='word_1_130' title='bbox 648 1733 684 1784; x_wconf 85' lang='lat' dir='ltr'><strong>ut</strong></span> <span class='ocrx_word' id='word_1_131' title='bbox 704 1724 767 1786; x_wconf 89' lang='lat' dir='ltr'><strong>boc</strong></span> <span class='ocrx_word' id='word_1_132' title='bbox 797 1725 830 1784; x_wconf 93' lang='lat' dir='ltr'><strong>in</strong></span> <span class='ocrx_word' id='word_1_133' title='bbox 853 1727 985 1789; x_wconf 89' lang='lat' dir='ltr'><strong>basilica</strong></span> <span class='ocrx_word' id='word_1_134' title='bbox 1006 1731 1116 1793; x_wconf 89' lang='lat' dir='ltr'><strong>domni</strong></span> <span class='ocrx_word' id='word_1_135' title='bbox 1137 1734 1175 1794; x_wconf 84' lang='lat' dir='ltr'><strong>it-</strong></span> 
     </span>
     <span class='ocr_line' id='line_1_18' title="bbox 81 1806 1177 1892; baseline 0.001 -19"><span class='ocrx_word' id='word_1_136' title='bbox 81 1812 134 1873; x_wconf 89' lang='lat' dir='ltr'><strong>lius</strong></span> <span class='ocrx_word' id='word_1_137' title='bbox 154 1811 322 1874; x_wconf 87' lang='lat' dir='ltr'><strong>coniurare</strong></span> <span class='ocrx_word' id='word_1_138' title='bbox 346 1806 481 1887; x_wconf 88' lang='lat' dir='ltr'><strong>deberit,</strong></span> <span class='ocrx_word' id='word_1_139' title='bbox 501 1809 601 1892; x_wconf 79' lang='lat' dir='ltr'><strong>ipsius</strong></span> <span class='ocrx_word' id='word_1_140' title='bbox 625 1806 674 1866; x_wconf 92' lang='lat' dir='ltr'><strong>illi</strong></span> <span class='ocrx_word' id='word_1_141' title='bbox 699 1829 759 1889; x_wconf 91' lang='lat' dir='ltr'><strong>per</strong></span> <span class='ocrx_word' id='word_1_142' title='bbox 784 1807 889 1891; x_wconf 84' lang='lat' dir='ltr'><strong>legem</strong></span> <span class='ocrx_word' id='word_1_143' title='bbox 915 1813 1085 1874; x_wconf 89' lang='lat' dir='ltr'><strong>emendare</strong></span> <span class='ocrx_word' id='word_1_144' title='bbox 1105 1826 1177 1876; x_wconf 80' lang='lat' dir='ltr'><strong>stu·-</strong></span> 
     </span>
     <span class='ocr_line' id='line_1_19' title="bbox 82 1889 1175 1976; baseline 0.004 -22"><span class='ocrx_word' id='word_1_145' title='bbox 82 1895 146 1954; x_wconf 86' lang='lat' dir='ltr'><strong>diat.</strong></span> <span class='ocrx_word' id='word_1_146' title='bbox 166 1893 214 1956; x_wconf 85' lang='lat' dir='ltr'><strong>sin</strong></span> <span class='ocrx_word' id='word_1_147' title='bbox 242 1903 355 1954; x_wconf 86' lang='lat' dir='ltr'><strong>autem</strong></span> <span class='ocrx_word' id='word_1_148' title='bbox 382 1913 447 1953; x_wconf 92' lang='lat' dir='ltr'><strong>non</strong></span> <span class='ocrx_word' id='word_1_149' title='bbox 470 1890 623 1974; x_wconf 87' lang='lat' dir='ltr'><strong>potuerit,</strong></span> <span class='ocrx_word' id='word_1_150' title='bbox 646 1889 685 1949; x_wconf 88' lang='lat' dir='ltr'><strong>de</strong></span> <span class='ocrx_word' id='word_1_151' title='bbox 709 1890 770 1952; x_wconf 91' lang='lat' dir='ltr'><strong>hac</strong></span> <span class='ocrx_word' id='word_1_152' title='bbox 794 1912 888 1953; x_wconf 85' lang='lat' dir='ltr'><strong>causa</strong></span> <span class='ocrx_word' id='word_1_153' title='bbox 913 1892 974 1976; x_wconf 89' lang='lat' dir='ltr'><strong>ipsi</strong></span> <span class='ocrx_word' id='word_1_154' title='bbox 1005 1895 1056 1955; x_wconf 94' lang='lat' dir='ltr'><strong>illi</strong></span> <span class='ocrx_word' id='word_1_155' title='bbox 1086 1899 1175 1959; x_wconf 91' lang='lat' dir='ltr'><strong>omni</strong></span> 
     </span>
     <span class='ocr_line' id='line_1_20' title="bbox 81 1973 1096 2062; baseline 0.004 -25"><span class='ocrx_word' id='word_1_156' title='bbox 81 1983 210 2062; x_wconf 82' lang='lat' dir='ltr'><strong>tempore</strong></span> <span class='ocrx_word' id='word_1_157' title='bbox 232 1977 370 2054; x_wconf 89' lang='lat' dir='ltr'><strong>ductus,</strong></span> <span class='ocrx_word' id='word_1_158' title='bbox 390 1973 520 2058; x_wconf 87' lang='lat' dir='ltr'><strong>quietus</strong></span> <span class='ocrx_word' id='word_1_159' title='bbox 545 1981 642 2056; x_wconf 84' lang='lat' dir='ltr'><strong>atque</strong></span> <span class='ocrx_word' id='word_1_160' title='bbox 669 1992 800 2035; x_wconf 88' lang='lat' dir='ltr'><strong>securus</strong></span> <span class='ocrx_word' id='word_1_161' title='bbox 815 1974 920 2036; x_wconf 84' lang='lat' dir='ltr'><strong>valeat</strong></span> <span class='ocrx_word' id='word_1_162' title='bbox 941 1979 1096 2046; x_wconf 85' lang='lat' dir='ltr'><strong>resedire.</strong></span> 
     </span>
    </p>

    <p class='ocr_par' dir='ltr' id='par_1_5' title="bbox 432 2103 810 2191">
     <span class='ocr_line' id='line_1_21' title="bbox 432 2103 810 2191; baseline -0.011 -21"><span class='ocrx_word' id='word_1_163' title='bbox 432 2107 551 2191; x_wconf 79' lang='lat' dir='ltr'><strong>Incipit</strong></span> <span class='ocrx_word' id='word_1_164' title='bbox 570 2106 645 2166; x_wconf 83' lang='lat' dir='ltr'><strong>item</strong></span> <span class='ocrx_word' id='word_1_165' title='bbox 665 2103 810 2166; x_wconf 86' lang='lat' dir='ltr'><strong>indicias.</strong></span> 
     </span>
    </p>

    <p class='ocr_par' dir='ltr' id='par_1_6' title="bbox 80 2218 1181 3212">
     <span class='ocr_line' id='line_1_22' title="bbox 150 2218 1178 2307; baseline 0.001 -20"><span class='ocrx_word' id='word_1_166' title='bbox 150 2219 259 2287; x_wconf 87' lang='lat' dir='ltr'>XXX.</span> <span class='ocrx_word' id='word_1_167' title='bbox 302 2218 449 2284; x_wconf 87' lang='lat' dir='ltr'><strong>Veniens</strong></span> <span class='ocrx_word' id='word_1_168' title='bbox 473 2220 524 2281; x_wconf 91' lang='lat' dir='ltr'><strong>illi</strong></span> <span class='ocrx_word' id='word_1_169' title='bbox 545 2229 618 2280; x_wconf 91' lang='lat' dir='ltr'><strong>ante</strong></span> <span class='ocrx_word' id='word_1_170' title='bbox 639 2219 698 2280; x_wconf 91' lang='lat' dir='ltr'><strong>illo</strong></span> <span class='ocrx_word' id='word_1_171' title='bbox 718 2219 861 2299; x_wconf 81' lang='lat' dir='ltr'><strong>Abbate,</strong></span> <span class='ocrx_word' id='word_1_172' title='bbox 881 2221 936 2284; x_wconf 89' lang='lat' dir='ltr'><strong>vel</strong></span> <span class='ocrx_word' id='word_1_173' title='bbox 963 2223 1100 2306; x_wconf 85' lang='lat' dir='ltr'><strong>reliquis</strong></span> <span class='ocrx_word' id='word_1_174' title='bbox 1119 2223 1178 2307; x_wconf 91' lang='lat' dir='ltr'><strong>qui</strong></span> 
     </span>
     <span class='ocr_line' id='line_1_23' title="bbox 80 2301 1178 2389; baseline 0.004 -23"><span class='ocrx_word' id='word_1_175' title='bbox 80 2325 147 2366; x_wconf 85' lang='lat' dir='ltr'><strong>enm</strong></span> <span class='ocrx_word' id='word_1_176' title='bbox 167 2327 204 2368; x_wconf 86' lang='lat' dir='ltr'><strong>eo</strong></span> <span class='ocrx_word' id='word_1_177' title='bbox 228 2307 386 2383; x_wconf 87' lang='lat' dir='ltr'><strong>aderant,</strong></span> <span class='ocrx_word' id='word_1_178' title='bbox 411 2302 637 2386; x_wconf 85' lang='lat' dir='ltr'><strong>interpellabat</strong></span> <span class='ocrx_word' id='word_1_179' title='bbox 659 2301 768 2384; x_wconf 86' lang='lat' dir='ltr'><strong>aliquo</strong></span> <span class='ocrx_word' id='word_1_180' title='bbox 793 2303 942 2383; x_wconf 88' lang='lat' dir='ltr'><strong>homine,</strong></span> <span class='ocrx_word' id='word_1_181' title='bbox 965 2327 1083 2369; x_wconf 90' lang='lat' dir='ltr'><strong>nomen</strong></span> <span class='ocrx_word' id='word_1_182' title='bbox 1106 2309 1178 2389; x_wconf 89' lang='lat' dir='ltr'><strong>illo,</strong></span> 
     </span>
     <span class='ocr_line' id='line_1_24' title="bbox 80 2385 1179 2474; baseline 0.003 -25"><span class='ocrx_word' id='word_1_183' title='bbox 80 2388 162 2470; x_wconf 85' lang='lat' dir='ltr'><strong>qnasi</strong></span> <span class='ocrx_word' id='word_1_184' title='bbox 182 2389 292 2450; x_wconf 78' lang='lat' dir='ltr'><strong>vineas</strong></span> <span class='ocrx_word' id='word_1_185' title='bbox 321 2409 403 2463; x_wconf 88' lang='lat' dir='ltr'><strong>suas,</strong></span> <span class='ocrx_word' id='word_1_186' title='bbox 424 2407 505 2468; x_wconf 88' lang='lat' dir='ltr'><strong>quae</strong></span> <span class='ocrx_word' id='word_1_187' title='bbox 534 2394 626 2445; x_wconf 88' lang='lat' dir='ltr'><strong>eraut</strong></span> <span class='ocrx_word' id='word_1_188' title='bbox 652 2385 758 2462; x_wconf 89' lang='lat' dir='ltr'><strong>illius,</strong></span> <span class='ocrx_word' id='word_1_189' title='bbox 788 2388 951 2468; x_wconf 89' lang='lat' dir='ltr'><strong>quondam</strong></span> <span class='ocrx_word' id='word_1_190' title='bbox 973 2389 1024 2449; x_wconf 90' lang='lat' dir='ltr'><strong>illi</strong></span> <span class='ocrx_word' id='word_1_191' title='bbox 1046 2391 1086 2452; x_wconf 89' lang='lat' dir='ltr'><strong>ad</strong></span> <span class='ocrx_word' id='word_1_192' title='bbox 1107 2413 1179 2474; x_wconf 89' lang='lat' dir='ltr'><strong>par·</strong></span> 
     </span>
     <span class='ocr_line' id='line_1_25' title="bbox 81 2466 1178 2558; baseline 0.005 -28"><span class='ocrx_word' id='word_1_193' title='bbox 81 2470 213 2533; x_wconf 86' lang='lat' dir='ltr'><strong>oiaricias</strong></span> <span class='ocrx_word' id='word_1_194' title='bbox 234 2469 391 2546; x_wconf 87' lang='lat' dir='ltr'><strong>dedissit,</strong></span> <span class='ocrx_word' id='word_1_195' title='bbox 423 2479 459 2529; x_wconf 86' lang='lat' dir='ltr'><strong>nt</strong></span> <span class='ocrx_word' id='word_1_196' title='bbox 479 2467 633 2549; x_wconf 88' lang='lat' dir='ltr'><strong>quamdin</strong></span> <span class='ocrx_word' id='word_1_197' title='bbox 654 2467 714 2548; x_wconf 89' lang='lat' dir='ltr'><strong>ipsi</strong></span> <span class='ocrx_word' id='word_1_198' title='bbox 740 2466 790 2528; x_wconf 94' lang='lat' dir='ltr'><strong>illi</strong></span> <span class='ocrx_word' id='word_1_199' title='bbox 812 2490 845 2530; x_wconf 89' lang='lat' dir='ltr'><strong>se</strong></span> <span class='ocrx_word' id='word_1_200' title='bbox 869 2470 1059 2551; x_wconf 87' lang='lat' dir='ltr'><strong>aptificavit,</strong></span> <span class='ocrx_word' id='word_1_201' title='bbox 1093 2475 1178 2558; x_wconf 88' lang='lat' dir='ltr'><strong>ipsas</strong></span> 
     </span>
     <span class='ocr_line' id='line_1_26' title="bbox 82 2549 1178 2640; baseline 0.003 -27"><span class='ocrx_word' id='word_1_202' title='bbox 82 2551 179 2614; x_wconf 89' lang='lat' dir='ltr'><strong>vineas</strong></span> <span class='ocrx_word' id='word_1_203' title='bbox 202 2553 242 2613; x_wconf 93' lang='lat' dir='ltr'><strong>ad</strong></span> <span class='ocrx_word' id='word_1_204' title='bbox 263 2550 468 2635; x_wconf 87' lang='lat' dir='ltr'><strong>parciaricias</strong></span> <span class='ocrx_word' id='word_1_205' title='bbox 490 2550 602 2610; x_wconf 88' lang='lat' dir='ltr'><strong>habire</strong></span> <span class='ocrx_word' id='word_1_206' title='bbox 624 2549 741 2615; x_wconf 83' lang='lat' dir='ltr'><strong>debiat,</strong></span> <span class='ocrx_word' id='word_1_207' title='bbox 783 2551 1019 2635; x_wconf 82' lang='lat' dir='ltr'><strong>Interrogatum</strong></span> <span class='ocrx_word' id='word_1_208' title='bbox 1041 2557 1106 2618; x_wconf 89' lang='lat' dir='ltr'><strong>fuit</strong></span> <span class='ocrx_word' id='word_1_209' title='bbox 1125 2557 1178 2640; x_wconf 89' lang='lat' dir='ltr'><strong>ip·</strong></span> 
     </span>
     <span class='ocr_line' id='line_1_27' title="bbox 83 2631 1178 2716; baseline 0.004 -22"><span class='ocrx_word' id='word_1_210' title='bbox 83 2634 139 2696; x_wconf 87' lang='lat' dir='ltr'><strong>sius</strong></span> <span class='ocrx_word' id='word_1_211' title='bbox 156 2635 216 2714; x_wconf 91' lang='lat' dir='ltr'><strong>illi,</strong></span> <span class='ocrx_word' id='word_1_212' title='bbox 238 2635 266 2696; x_wconf 89' lang='lat' dir='ltr'><strong>si</strong></span> <span class='ocrx_word' id='word_1_213' title='bbox 289 2635 374 2715; x_wconf 91' lang='lat' dir='ltr'><strong>ipsas</strong></span> <span class='ocrx_word' id='word_1_214' title='bbox 397 2633 501 2694; x_wconf 81' lang='lat' dir='ltr'><strong>vinias</strong></span> <span class='ocrx_word' id='word_1_215' title='bbox 526 2631 611 2714; x_wconf 87' lang='lat' dir='ltr'><strong>apud</strong></span> <span class='ocrx_word' id='word_1_216' title='bbox 631 2631 714 2716; x_wconf 88' lang='lat' dir='ltr'><strong>ipsas</strong></span> <span class='ocrx_word' id='word_1_217' title='bbox 735 2634 880 2710; x_wconf 85' lang='lat' dir='ltr'><strong>fuerunt,</strong></span> <span class='ocrx_word' id='word_1_218' title='bbox 899 2657 939 2694; x_wconf 92' lang='lat' dir='ltr'><strong>an</strong></span> <span class='ocrx_word' id='word_1_219' title='bbox 968 2658 1045 2704; x_wconf 89' lang='lat' dir='ltr'><strong>non.</strong></span> <span class='ocrx_word' id='word_1_220' title='bbox 1087 2638 1178 2700; x_wconf 88' lang='lat' dir='ltr'><strong>Tali-</strong></span> 
     </span>
     <span class='ocr_line' id='line_1_28' title="bbox 82 2713 1179 2804; baseline 0.005 -29"><span class='ocrx_word' id='word_1_221' title='bbox 82 2726 126 2776; x_wconf 85' lang='lat' dir='ltr'><strong>ter</strong></span> <span class='ocrx_word' id='word_1_222' title='bbox 146 2717 204 2800; x_wconf 91' lang='lat' dir='ltr'><strong>ipsi</strong></span> <span class='ocrx_word' id='word_1_223' title='bbox 225 2719 357 2781; x_wconf 88' lang='lat' dir='ltr'><strong>locutus</strong></span> <span class='ocrx_word' id='word_1_224' title='bbox 386 2717 464 2792; x_wconf 82' lang='lat' dir='ltr'><strong>fuit,</strong></span> <span class='ocrx_word' id='word_1_225' title='bbox 486 2715 573 2796; x_wconf 89' lang='lat' dir='ltr'><strong>quod</strong></span> <span class='ocrx_word' id='word_1_226' title='bbox 592 2713 663 2776; x_wconf 87' lang='lat' dir='ltr'><strong>illas</strong></span> <span class='ocrx_word' id='word_1_227' title='bbox 684 2717 925 2795; x_wconf 83' lang='lat' dir='ltr'><strong>convenentias,</strong></span> <span class='ocrx_word' id='word_1_228' title='bbox 947 2718 1034 2801; x_wconf 88' lang='lat' dir='ltr'><strong>quod</strong></span> <span class='ocrx_word' id='word_1_229' title='bbox 1061 2721 1121 2804; x_wconf 91' lang='lat' dir='ltr'><strong>ipsi</strong></span> <span class='ocrx_word' id='word_1_230' title='bbox 1141 2721 1179 2781; x_wconf 91' lang='lat' dir='ltr'><strong>il-</strong></span> 
     </span>
     <span class='ocr_line' id='line_1_29' title="bbox 83 2796 1179 2886; baseline 0.007 -29"><span class='ocrx_word' id='word_1_231' title='bbox 83 2796 104 2858; x_wconf 86' lang='lat' dir='ltr'><strong>ll</strong></span> <span class='ocrx_word' id='word_1_232' title='bbox 121 2799 261 2878; x_wconf 85' lang='lat' dir='ltr'><strong>dicebat,</strong></span> <span class='ocrx_word' id='word_1_233' title='bbox 299 2809 378 2881; x_wconf 85' lang='lat' dir='ltr'><strong>aput</strong></span> <span class='ocrx_word' id='word_1_234' title='bbox 404 2800 472 2880; x_wconf 91' lang='lat' dir='ltr'><strong>ipso</strong></span> <span class='ocrx_word' id='word_1_235' title='bbox 499 2819 674 2878; x_wconf 89' lang='lat' dir='ltr'><strong>numquam</strong></span> <span class='ocrx_word' id='word_1_236' title='bbox 693 2797 815 2858; x_wconf 89' lang='lat' dir='ltr'><strong>habuit.</strong></span> <span class='ocrx_word' id='word_1_237' title='bbox 856 2799 972 2859; x_wconf 87' lang='lat' dir='ltr'><strong>Visum</strong></span> <span class='ocrx_word' id='word_1_238' title='bbox 994 2802 1057 2862; x_wconf 87' lang='lat' dir='ltr'><strong>fuit</strong></span> <span class='ocrx_word' id='word_1_239' title='bbox 1077 2803 1179 2886; x_wconf 85' lang='lat' dir='ltr'><strong>ipsius</strong></span> 
     </span>
     <span class='ocr_line' id='line_1_30' title="bbox 83 2879 1179 2962; baseline 0.005 -22"><span class='ocrx_word' id='word_1_240' title='bbox 83 2879 213 2960; x_wconf 84' lang='lat' dir='ltr'><strong>Abbate,</strong></span> <span class='ocrx_word' id='word_1_241' title='bbox 242 2892 281 2944; x_wconf 91' lang='lat' dir='ltr'><strong>ut</strong></span> <span class='ocrx_word' id='word_1_242' title='bbox 306 2881 382 2941; x_wconf 88' lang='lat' dir='ltr'><strong>dum</strong></span> <span class='ocrx_word' id='word_1_243' title='bbox 409 2881 472 2943; x_wconf 83' lang='lat' dir='ltr'><strong>boc</strong></span> <span class='ocrx_word' id='word_1_244' title='bbox 502 2879 679 2962; x_wconf 80' lang='lat' dir='ltr'><strong>denegabat</strong></span> <span class='ocrx_word' id='word_1_245' title='bbox 708 2881 796 2962; x_wconf 89' lang='lat' dir='ltr'><strong>quod</strong></span> <span class='ocrx_word' id='word_1_246' title='bbox 821 2879 905 2962; x_wconf 87' lang='lat' dir='ltr'><strong>ipsas</strong></span> <span class='ocrx_word' id='word_1_247' title='bbox 936 2884 1179 2946; x_wconf 86' lang='lat' dir='ltr'><strong>convenientias</strong></span> 
     </span>
     <span class='ocr_line' id='line_1_31' title="bbox 83 2962 1180 3046; baseline 0.005 -26"><span class='ocrx_word' id='word_1_248' title='bbox 83 2982 246 3046; x_wconf 87' lang='lat' dir='ltr'><strong>numquam</strong></span> <span class='ocrx_word' id='word_1_249' title='bbox 264 2964 391 3041; x_wconf 88' lang='lat' dir='ltr'><strong>habuit,</strong></span> <span class='ocrx_word' id='word_1_250' title='bbox 419 2973 454 3024; x_wconf 88' lang='lat' dir='ltr'><strong>ut</strong></span> <span class='ocrx_word' id='word_1_251' title='bbox 471 2962 555 3045; x_wconf 90' lang='lat' dir='ltr'><strong>apud</strong></span> <span class='ocrx_word' id='word_1_252' title='bbox 578 2962 725 3023; x_wconf 90' lang='lat' dir='ltr'><strong>homines</strong></span> <span class='ocrx_word' id='word_1_253' title='bbox 745 2969 852 3022; x_wconf 89' lang='lat' dir='ltr'><strong>tantas</strong></span> <span class='ocrx_word' id='word_1_254' title='bbox 871 2962 905 3021; x_wconf 92' lang='lat' dir='ltr'><strong>in</strong></span> <span class='ocrx_word' id='word_1_255' title='bbox 927 2962 1065 3026; x_wconf 87' lang='lat' dir='ltr'><strong>basileca</strong></span> <span class='ocrx_word' id='word_1_256' title='bbox 1087 2967 1180 3026; x_wconf 87' lang='lat' dir='ltr'><strong>dom-</strong></span> 
     </span>
     <span class='ocr_line' id='line_1_32' title="bbox 84 3041 1181 3124; baseline 0.005 -21"><span class='ocrx_word' id='word_1_257' title='bbox 84 3045 112 3104; x_wconf 91' lang='lat' dir='ltr'><strong>ni</strong></span> <span class='ocrx_word' id='word_1_258' title='bbox 137 3047 223 3109; x_wconf 87' lang='lat' dir='ltr'><strong>iltius</strong></span> <span class='ocrx_word' id='word_1_259' title='bbox 251 3067 406 3108; x_wconf 81' lang='lat' dir='ltr'><strong>excusare</strong></span> <span class='ocrx_word' id='word_1_260' title='bbox 428 3045 580 3119; x_wconf 90' lang='lat' dir='ltr'><strong>deberet,</strong></span> <span class='ocrx_word' id='word_1_261' title='bbox 609 3043 696 3123; x_wconf 91' lang='lat' dir='ltr'><strong>quod</strong></span> <span class='ocrx_word' id='word_1_262' title='bbox 720 3041 803 3124; x_wconf 88' lang='lat' dir='ltr'><strong>ipsas</strong></span> <span class='ocrx_word' id='word_1_263' title='bbox 831 3045 1181 3110; x_wconf 85' lang='lat' dir='ltr'><strong>convenentias&#39;inter</strong></span> 
     </span>
     <span class='ocr_line' id='line_1_33' title="bbox 83 3124 1179 3212; baseline 0.004 -26"><span class='ocrx_word' id='word_1_264' title='bbox 83 3147 112 3186; x_wconf 88' lang='lat' dir='ltr'><strong>se</strong></span> <span class='ocrx_word' id='word_1_265' title='bbox 131 3151 305 3212; x_wconf 83' lang='lat' dir='ltr'><strong>numquam</strong></span> <span class='ocrx_word' id='word_1_266' title='bbox 324 3127 520 3188; x_wconf 86' lang='lat' dir='ltr'><strong>habuissent.</strong></span> <span class='ocrx_word' id='word_1_267' title='bbox 561 3124 602 3186; x_wconf 89' lang='lat' dir='ltr'><strong>Se</strong></span> <span class='ocrx_word' id='word_1_268' title='bbox 631 3126 693 3186; x_wconf 91' lang='lat' dir='ltr'><strong>hoc</strong></span> <span class='ocrx_word' id='word_1_269' title='bbox 721 3126 828 3185; x_wconf 90' lang='lat' dir='ltr'><strong>facere</strong></span> <span class='ocrx_word' id='word_1_270' title='bbox 858 3125 1003 3208; x_wconf 88' lang='lat' dir='ltr'><strong>potebat,</strong></span> <span class='ocrx_word' id='word_1_271' title='bbox 1033 3131 1179 3211; x_wconf 88' lang='lat' dir='ltr'><strong>precium</strong></span> 
     </span>
    </p>
   </div>
   <div class='ocr_carea' id='block_1_5' title="bbox 84 3205 1179 3387">
    <p class='ocr_par' dir='ltr' id='par_1_7' title="bbox 84 3205 1179 3387">
     <span class='ocr_line' id='line_1_34' title="bbox 84 3205 1179 3292; baseline 0.005 -24"><span class='ocrx_word' id='word_1_272' title='bbox 84 3211 162 3290; x_wconf 90' lang='lat' dir='ltr'><strong>quod</strong></span> <span class='ocrx_word' id='word_1_273' title='bbox 182 3213 221 3274; x_wconf 93' lang='lat' dir='ltr'><strong>de</strong></span> <span class='ocrx_word' id='word_1_274' title='bbox 250 3211 321 3292; x_wconf 82' lang='lat' dir='ltr'><strong>ipso</strong></span> <span class='ocrx_word' id='word_1_275' title='bbox 349 3210 406 3270; x_wconf 89' lang='lat' dir='ltr'><strong>illo</strong></span> <span class='ocrx_word' id='word_1_276' title='bbox 430 3209 609 3290; x_wconf 88' lang='lat' dir='ltr'><strong>acciperet,</strong></span> <span class='ocrx_word' id='word_1_277' title='bbox 632 3207 662 3267; x_wconf 90' lang='lat' dir='ltr'><strong>ei</strong></span> <span class='ocrx_word' id='word_1_278' title='bbox 687 3205 823 3268; x_wconf 88' lang='lat' dir='ltr'><strong>reddere</strong></span> <span class='ocrx_word' id='word_1_279' title='bbox 848 3207 972 3270; x_wconf 87' lang='lat' dir='ltr'><strong>debiat:</strong></span> <span class='ocrx_word' id='word_1_280' title='bbox 999 3223 1179 3277; x_wconf 82' lang='lat' dir='ltr'><strong>sinautem</strong></span> 
     </span>
     <span class='ocr_line' id='line_1_35' title="bbox 86 3289 907 3387; baseline 0.004 -34"><span class='ocrx_word' id='word_1_281' title='bbox 86 3312 142 3353; x_wconf 89' lang='lat' dir='ltr'><strong>non</strong></span> <span class='ocrx_word' id='word_1_282' title='bbox 164 3295 309 3387; x_wconf 85' lang='lat' dir='ltr'><strong>potuerit</strong></span> <span class='ocrx_word' id='word_1_283' title='bbox 322 3337 331 3369; x_wconf 94' lang='lat'><strong>,</strong></span> <span class='ocrx_word' id='word_1_284' title='bbox 359 3302 470 3352; x_wconf 88' lang='lat' dir='ltr'><strong>contra</strong></span> <span class='ocrx_word' id='word_1_285' title='bbox 493 3291 561 3373; x_wconf 92' lang='lat' dir='ltr'><strong>ipso</strong></span> <span class='ocrx_word' id='word_1_286' title='bbox 584 3289 754 3351; x_wconf 86' lang='lat' dir='ltr'><strong>emendare</strong></span> <span class='ocrx_word' id='word_1_287' title='bbox 782 3289 907 3356; x_wconf 82' lang='lat' dir='ltr'><strong>studiat.</strong></span> 
     </span>
    </p>
   </div>
   <div class='ocr_carea' id='block_1_6' title="bbox 490 3425 766 3507">
    <p class='ocr_par' dir='ltr' id='par_1_8' title="bbox 490 3425 766 3507">
     <span class='ocr_line' id='line_1_36' title="bbox 490 3425 766 3507; baseline -0.011 -22"><span class='ocrx_word' id='word_1_288' title='bbox 490 3426 607 3507; x_wconf 80' lang='lat' dir='ltr'><strong>Incipit</strong></span> <span class='ocrx_word' id='word_1_289' title='bbox 626 3425 766 3507; x_wconf 80' lang='lat' dir='ltr'><strong>apennis,</strong></span> 
     </span>
    </p>
   </div>
   <div class='ocr_carea' id='block_1_7' title="bbox 86 3537 1183 4286">
    <p class='ocr_par' dir='ltr' id='par_1_9' title="bbox 86 3537 1183 4286">
     <span class='ocr_line' id='line_1_37' title="bbox 158 3537 1180 3624; baseline 0 -17"><span class='ocrx_word' id='word_1_290' title='bbox 158 3543 277 3606; x_wconf 78' lang='lat' dir='ltr'>XXXI.</span> <span class='ocrx_word' id='word_1_291' title='bbox 319 3544 403 3602; x_wconf 76' lang='lat' dir='ltr'><strong>Dum</strong></span> <span class='ocrx_word' id='word_1_292' title='bbox 425 3562 490 3601; x_wconf 91' lang='lat' dir='ltr'><strong>non</strong></span> <span class='ocrx_word' id='word_1_293' title='bbox 518 3548 565 3599; x_wconf 89' lang='lat' dir='ltr'><strong>est</strong></span> <span class='ocrx_word' id='word_1_294' title='bbox 586 3537 798 3621; x_wconf 82' lang='lat' dir='ltr'><strong>incognitum,</strong></span> <span class='ocrx_word' id='word_1_295' title='bbox 819 3539 960 3622; x_wconf 84' lang='lat' dir='ltr'><strong>qualiter</strong></span> <span class='ocrx_word' id='word_1_296' title='bbox 980 3540 1099 3624; x_wconf 85' lang='lat' dir='ltr'><strong>aliquis</strong></span> <span class='ocrx_word' id='word_1_297' title='bbox 1117 3543 1180 3606; x_wconf 80' lang='lat' dir='ltr'><strong>bo-</strong></span> 
     </span>
     <span class='ocr_line' id='line_1_38' title="bbox 86 3621 1180 3704; baseline 0.005 -21"><span class='ocrx_word' id='word_1_298' title='bbox 86 3640 142 3703; x_wconf 86' lang='lat' dir='ltr'><strong>mo,</strong></span> <span class='ocrx_word' id='word_1_299' title='bbox 163 3647 280 3688; x_wconf 90' lang='lat' dir='ltr'><strong>nomen</strong></span> <span class='ocrx_word' id='word_1_300' title='bbox 302 3625 372 3703; x_wconf 86' lang='lat' dir='ltr'><strong>illo,</strong></span> <span class='ocrx_word' id='word_1_301' title='bbox 394 3634 426 3685; x_wconf 88' lang='lat' dir='ltr'><strong>et</strong></span> <span class='ocrx_word' id='word_1_302' title='bbox 451 3623 588 3704; x_wconf 81' lang='lat' dir='ltr'><strong>coniuge</strong></span> <span class='ocrx_word' id='word_1_303' title='bbox 610 3643 667 3682; x_wconf 89' lang='lat' dir='ltr'><strong>saa</strong></span> <span class='ocrx_word' id='word_1_304' title='bbox 688 3621 756 3698; x_wconf 91' lang='lat' dir='ltr'><strong>illa,</strong></span> <span class='ocrx_word' id='word_1_305' title='bbox 778 3622 813 3682; x_wconf 91' lang='lat' dir='ltr'><strong>in</strong></span> <span class='ocrx_word' id='word_1_306' title='bbox 834 3633 920 3684; x_wconf 89' lang='lat' dir='ltr'><strong>terra</strong></span> <span class='ocrx_word' id='word_1_307' title='bbox 940 3644 1051 3684; x_wconf 87' lang='lat' dir='ltr'><strong>eorum</strong></span> <span class='ocrx_word' id='word_1_308' title='bbox 1076 3627 1110 3684; x_wconf 90' lang='lat' dir='ltr'><strong>in</strong></span> <span class='ocrx_word' id='word_1_309' title='bbox 1127 3630 1180 3689; x_wconf 92' lang='lat' dir='ltr'><strong>lo-</strong></span> 
     </span>
     <span class='ocr_line' id='line_1_39' title="bbox 86 3702 1181 3792; baseline 0.006 -27"><span class='ocrx_word' id='word_1_310' title='bbox 86 3725 120 3766; x_wconf 91' lang='lat' dir='ltr'><strong>eo</strong></span> <span class='ocrx_word' id='word_1_311' title='bbox 140 3708 206 3785; x_wconf 89' lang='lat' dir='ltr'><strong>illo,</strong></span> <span class='ocrx_word' id='word_1_312' title='bbox 227 3711 400 3792; x_wconf 83' lang='lat' dir='ltr'><strong>pernocte</strong></span> <span class='ocrx_word' id='word_1_313' title='bbox 422 3707 484 3765; x_wconf 86' lang='lat' dir='ltr'><strong>fuit</strong></span> <span class='ocrx_word' id='word_1_314' title='bbox 508 3706 525 3762; x_wconf 76' lang='lat' dir='ltr'><strong>a</strong></span> <span class='ocrx_word' id='word_1_315' title='bbox 543 3702 687 3786; x_wconf 88' lang='lat' dir='ltr'><strong>pessimis</strong></span> <span class='ocrx_word' id='word_1_316' title='bbox 707 3705 908 3788; x_wconf 79' lang='lat' dir='ltr'><strong>naufragium</strong></span> <span class='ocrx_word' id='word_1_317' title='bbox 927 3728 1056 3789; x_wconf 90' lang='lat' dir='ltr'><strong>passus,</strong></span> <span class='ocrx_word' id='word_1_318' title='bbox 1080 3717 1112 3770; x_wconf 91' lang='lat' dir='ltr'><strong>et</strong></span> <span class='ocrx_word' id='word_1_319' title='bbox 1127 3733 1181 3772; x_wconf 80' lang='lat' dir='ltr'><strong>ex-</strong></span> 
     </span>
     <span class='ocr_line' id='line_1_40' title="bbox 88 3786 1181 3872; baseline 0.006 -26"><span class='ocrx_word' id='word_1_320' title='bbox 88 3786 155 3852; x_wconf 89' lang='lat' dir='ltr'><strong>inde</strong></span> <span class='ocrx_word' id='word_1_321' title='bbox 179 3791 329 3872; x_wconf 90' lang='lat' dir='ltr'><strong>perdedit</strong></span> <span class='ocrx_word' id='word_1_322' title='bbox 354 3798 386 3850; x_wconf 87' lang='lat' dir='ltr'><strong>et</strong></span> <span class='ocrx_word' id='word_1_323' title='bbox 412 3786 550 3869; x_wconf 86' lang='lat' dir='ltr'><strong>pecunia</strong></span> <span class='ocrx_word' id='word_1_324' title='bbox 573 3805 640 3862; x_wconf 90' lang='lat' dir='ltr'><strong>sua,</strong></span> <span class='ocrx_word' id='word_1_325' title='bbox 664 3796 696 3846; x_wconf 88' lang='lat' dir='ltr'><strong>et</strong></span> <span class='ocrx_word' id='word_1_326' title='bbox 721 3788 846 3849; x_wconf 86' lang='lat' dir='ltr'><strong>mehele</strong></span> <span class='ocrx_word' id='word_1_327' title='bbox 871 3809 940 3867; x_wconf 87' lang='lat' dir='ltr'><strong>suo,</strong></span> <span class='ocrx_word' id='word_1_328' title='bbox 962 3810 1020 3850; x_wconf 86' lang='lat' dir='ltr'><strong>seu</strong></span> <span class='ocrx_word' id='word_1_329' title='bbox 1043 3799 1075 3850; x_wconf 84' lang='lat' dir='ltr'><strong>et</strong></span> <span class='ocrx_word' id='word_1_330' title='bbox 1099 3800 1181 3853; x_wconf 85' lang='lat' dir='ltr'><strong>stru-</strong></span> 
     </span>
     <span class='ocr_line' id='line_1_41' title="bbox 88 3867 1179 3953; baseline 0.005 -23"><span class='ocrx_word' id='word_1_331' title='bbox 88 3880 187 3932; x_wconf 88' lang='lat' dir='ltr'><strong>menta</strong></span> <span class='ocrx_word' id='word_1_332' title='bbox 207 3895 263 3933; x_wconf 86' lang='lat' dir='ltr'><strong>sna</strong></span> <span class='ocrx_word' id='word_1_333' title='bbox 283 3890 379 3952; x_wconf 87' lang='lat' dir='ltr'><strong>quam</strong></span> <span class='ocrx_word' id='word_1_334' title='bbox 403 3870 576 3952; x_wconf 87' lang='lat' dir='ltr'><strong>pluremas,</strong></span> <span class='ocrx_word' id='word_1_335' title='bbox 597 3867 803 3948; x_wconf 87' lang='lat' dir='ltr'><strong>vindicionis,</strong></span> <span class='ocrx_word' id='word_1_336' title='bbox 826 3869 908 3932; x_wconf 89' lang='lat' dir='ltr'><strong>dotis</strong></span> <span class='ocrx_word' id='word_1_337' title='bbox 937 3872 1179 3953; x_wconf 89' lang='lat' dir='ltr'><strong>composciona-</strong></span> 
     </span>
     <span class='ocr_line' id='line_1_42' title="bbox 89 3949 1181 4034; baseline -0.004 -22"><span class='ocrx_word' id='word_1_338' title='bbox 89 3949 133 4028; x_wconf 87' lang='lat' dir='ltr'><strong>lis,</strong></span> <span class='ocrx_word' id='word_1_339' title='bbox 153 3953 406 4030; x_wconf 89' lang='lat' dir='ltr'><strong>contullitionis,</strong></span> <span class='ocrx_word' id='word_1_340' title='bbox 427 3952 545 4034; x_wconf 86' lang='lat' dir='ltr'><strong>pactis,</strong></span> <span class='ocrx_word' id='word_1_341' title='bbox 569 3950 838 4028; x_wconf 88' lang='lat' dir='ltr'><strong>commutationis,</strong></span> <span class='ocrx_word' id='word_1_342' title='bbox 860 3951 1106 4031; x_wconf 88' lang='lat' dir='ltr'><strong>convenentias,</strong></span> <span class='ocrx_word' id='word_1_343' title='bbox 1128 3977 1181 4021; x_wconf 74' lang='lat' dir='ltr'><strong>se.</strong></span> 
     </span>
     <span class='ocr_line' id='line_1_43' title="bbox 88 4031 1182 4120; baseline 0.009 -30"><span class='ocrx_word' id='word_1_344' title='bbox 88 4035 236 4114; x_wconf 84' lang='lat' dir='ltr'><strong>curitatis,</strong></span> <span class='ocrx_word' id='word_1_345' title='bbox 253 4034 462 4110; x_wconf 87' lang='lat' dir='ltr'><strong>vacuaturias,</strong></span> <span class='ocrx_word' id='word_1_346' title='bbox 484 4032 633 4109; x_wconf 86' lang='lat' dir='ltr'><strong>indicias,</strong></span> <span class='ocrx_word' id='word_1_347' title='bbox 654 4043 686 4094; x_wconf 93' lang='lat' dir='ltr'><strong>et</strong></span> <span class='ocrx_word' id='word_1_348' title='bbox 702 4031 845 4120; x_wconf 79' lang='lat' dir='ltr'><strong>noticias.</strong></span> <span class='ocrx_word' id='word_1_349' title='bbox 886 4035 980 4096; x_wconf 88' lang='lat' dir='ltr'><strong>Unde</strong></span> <span class='ocrx_word' id='word_1_350' title='bbox 1000 4055 1131 4101; x_wconf 89' lang='lat' dir='ltr'><strong>necesse</strong></span> <span class='ocrx_word' id='word_1_351' title='bbox 1149 4035 1182 4105; x_wconf 85' lang='lat' dir='ltr'><strong>ei</strong></span> 
     </span>
     <span class='ocr_line' id='line_1_44' title="bbox 90 4113 1182 4196; baseline 0.008 -24"><span class='ocrx_word' id='word_1_352' title='bbox 90 4116 146 4174; x_wconf 85' lang='lat' dir='ltr'><strong>tuit</strong></span> <span class='ocrx_word' id='word_1_353' title='bbox 165 4119 317 4179; x_wconf 87' lang='lat' dir='ltr'><strong>advocare</strong></span> <span class='ocrx_word' id='word_1_354' title='bbox 340 4116 462 4188; x_wconf 84' lang='lat' dir='ltr'><strong>iudccis</strong></span> <span class='ocrx_word' id='word_1_355' title='bbox 484 4137 540 4178; x_wconf 84' lang='lat' dir='ltr'><strong>sou</strong></span> <span class='ocrx_word' id='word_1_356' title='bbox 562 4125 595 4176; x_wconf 90' lang='lat' dir='ltr'><strong>et</strong></span> <span class='ocrx_word' id='word_1_357' title='bbox 619 4113 735 4176; x_wconf 87' lang='lat' dir='ltr'><strong>vicinis</strong></span> <span class='ocrx_word' id='word_1_358' title='bbox 756 4113 840 4176; x_wconf 87' lang='lat' dir='ltr'><strong>circa</strong></span> <span class='ocrx_word' id='word_1_359' title='bbox 867 4117 1043 4196; x_wconf 88' lang='lat' dir='ltr'><strong>manentis,</strong></span> <span class='ocrx_word' id='word_1_360' title='bbox 1071 4142 1129 4182; x_wconf 88' lang='lat' dir='ltr'><strong>seu</strong></span> <span class='ocrx_word' id='word_1_361' title='bbox 1149 4136 1182 4186; x_wconf 82' lang='lat' dir='ltr'><strong>et</strong></span> 
     </span>
     <span class='ocr_line' id='line_1_45' title="bbox 91 4195 1183 4286; baseline 0.014 -29"><span class='ocrx_word' id='word_1_362' title='bbox 91 4196 231 4263; x_wconf 87' lang='lat' dir='ltr'><strong>universa</strong></span> <span class='ocrx_word' id='word_1_363' title='bbox 251 4199 379 4286; x_wconf 87' lang='lat' dir='ltr'><strong>parocia</strong></span> <span class='ocrx_word' id='word_1_364' title='bbox 392 4198 459 4276; x_wconf 82' lang='lat' dir='ltr'><strong>itta,</strong></span> <span class='ocrx_word' id='word_1_365' title='bbox 483 4208 513 4260; x_wconf 85' lang='lat' dir='ltr'><strong>et</strong></span> <span class='ocrx_word' id='word_1_366' title='bbox 535 4197 655 4277; x_wconf 72' lang='lat' dir='ltr'><strong>ibidem</strong></span> <span class='ocrx_word' id='word_1_367' title='bbox 671 4195 859 4264; x_wconf 86' lang='lat' dir='ltr'><strong>invenirent</strong></span> <span class='ocrx_word' id='word_1_368' title='bbox 875 4208 907 4262; x_wconf 87' lang='lat' dir='ltr'><strong>et</strong></span> <span class='ocrx_word' id='word_1_369' title='bbox 928 4199 1007 4263; x_wconf 86' lang='lat' dir='ltr'><strong>ostia</strong></span> <span class='ocrx_word' id='word_1_370' title='bbox 1027 4223 1085 4266; x_wconf 90' lang='lat' dir='ltr'><strong>sua</strong></span> <span class='ocrx_word' id='word_1_371' title='bbox 1100 4206 1183 4272; x_wconf 66' lang='lat' dir='ltr'><strong>trac»</strong></span> 
     </span>
    </p>
   </div>
   <div class='ocr_carea' id='block_1_8' title="bbox 0 0 1350 4976">
    <p class='ocr_par' dir='ltr' id='par_1_10' title="bbox 0 0 1350 4976">
     <span class='ocr_line' id='line_1_46' title="bbox 0 0 1350 4976; baseline 0 0"><span class='ocrx_word' id='word_1_372' title='bbox 0 0 1350 4976; x_wconf 95' lang='lat' dir='ltr'><strong> </strong></span> 
     </span>
    </p>
   </div>
  </div>
 </body>
</html>
