2676 4976
162 335 235 410 502
630 345 822 400 rotiacum

564 486 682 570 Incipit
708 485 868 547 securitas.

134 615 137 624 ’
246 621 322 688 Vll.
363 623 491 682 Domno
512 617 698 681 venerabile
723 618 805 681 etin
826 615 955 678 Christo
976 617 1058 700 patri
1081 617 1141 678 illo
1162 617 1266 681 Abbat.

162 708 216 771 vel
244 705 347 769 omnis
368 701 575 786 congregatio
604 711 711 764 nostra
735 711 767 761 et
789 699 899 762 domni
922 699 1021 777 illius,
1043 722 1104 783 ego
1129 701 1192 762 illi.
1232 705 1269 764 Et

162 791 238 875 quia
264 788 304 856 ad
324 785 520 870 peticionem
545 805 648 846 meam
671 782 784 844 babuit
809 783 909 864 pietas
929 792 1032 844 vestra
1052 783 1175 846 fecistis
1195 785 1268 846 mihi

160 871 349 936 benificium
364 869 403 929 de
421 889 489 927 rem
504 875 620 944 vestra,
635 877 669 928 et
681 865 790 928 domui
808 864 909 936 illius,
924 863 986 924 hoc
1003 874 1051 926 est
1066 865 1189 927 locello
1203 889 1269 950 cog-

162 962 368 1028 nomenante,
395 950 429 1010 in
456 970 537 1032 pago
566 947 639 1022 illo,
667 971 740 1010 cum
764 947 854 1023 casis,
875 947 1011 1029 campis,
1040 949 1153 1026 terris,
1181 971 1266 1008 man-

161 1037 267 1118 cipiis,
298 1033 467 1109 acolabus,
504 1030 623 1114 pratis,
652 1031 788 1114 pascuis,
815 1029 905 1110 aquis
933 1051 1128 1111 aquarumve
1154 1030 1267 1092 decur-

161 1120 260 1195 sibus,
283 1125 425 1179 vestrum
449 1113 696 1198 praeiudicium,
721 1124 754 1174 et
778 1112 888 1174 domni
915 1112 1003 1173 illius
1024 1113 1129 1173 tenire
1147 1123 1180 1173 et
1204 1137 1268 1195 pos·

160 1201 266 1264 sedire
291 1199 418 1268 debuit;
452 1207 484 1258 et
509 1197 645 1278 spondio
675 1197 766 1258 vobis
794 1194 887 1254 annis
918 1195 1054 1275 singulis
1073 1197 1165 1256 cinso
1192 1197 1267 1258 sole·

162 1285 221 1346 dus
244 1289 369 1357 tantus,
400 1288 523 1361 etpost
544 1299 676 1359 quoque
703 1299 810 1339 meum
833 1277 988 1338 dicessum
1016 1276 1086 1338 iure
1111 1288 1218 1338 vestro
1240 1289 1267 1338 et

161 1366 271 1428 domni
300 1363 389 1424 illius
415 1383 488 1422 cum
513 1361 784 1444 remtmeliorata,
813 1369 1111 1440 quantumcumque
1143 1361 1176 1419 in
1204 1362 1265 1441 ipso

161 1449 233 1510 loco
259 1447 429 1506 inventum
451 1444 571 1519 fuerit,
603 1452 799 1516 revertatur,
822 1452 855 1501 et
877 1442 1053 1522 accipiatur
1081 1443 1203 1524 absque
1225 1445 1267 1502 ul-

162 1530 225 1591 lius
247 1528 490 1602 contrarietate,
521 1532 577 1585 aut
605 1525 797 1606 repetitione
818 1524 1075 1604 propinquorum
1104 1547 1264 1600 meorum,

162 1619 324 1674 aunuente
350 1609 509 1686 Domino,
539 1616 575 1668 ut
608 1630 676 1668 snus
707 1617 754 1670 est
782 1604 925 1666 virorum
952 1616 1048 1687 atque
1079 1629 1265 1690 magnorum

163 1693 269 1777 opidi,
292 1690 556 1754 confirmandum.

549 1819 666 1902 Incipit
695 1819 883 1882 concomites.

244 1939 333 2004 Vlll.
375 1936 413 1999 In
435 1933 496 1995 Dei
521 1954 637 1994 nomen
666 1933 789 2015 placuit
811 1943 907 2015 atque
937 1933 1092 1996 convenit
1116 1933 1204 1992 inter
1228 1933 1265 1992 il-

160 2025 269 2087 lueet
297 2022 393 2097 illus,
424 2027 460 2076 ut
486 2018 571 2076 inter
603 2037 636 2077 se
665 2014 838 2097 campellus
875 2027 1061 2080 conmutare
1095 2015 1274 2092 deberint,

161 2105 250 2189 quod
275 2103 317 2162 ita
344 2111 377 2163 et
403 2102 559 2160 fecerunt.
603 2099 671 2158 Hoc
696 2108 753 2174 est,
786 2097 876 2159 dedit
908 2099 957 2160 illi
988 2099 1027 2158 ad
1052 2098 1183 2158 racione
1210 2098 1264 2157 illo

161 2207 273 2268 campo
298 2187 424 2245 ferente
455 2181 580 2241 modius
606 2189 722 2257 tantus,
745 2190 777 2240 et
798 2192 845 2241 est
867 2203 963 2263 super
984 2180 1158 2241 terreturio
1182 2201 1265 2240 sauc-

159 2271 187 2329 ti
210 2268 316 2344 illius,
340 2275 371 2325 et
397 2265 568 2344 subiungat
587 2262 626 2323 de
653 2285 735 2323 unus
763 2262 844 2324 latus
876 2285 1005 2346 campus
1030 2263 1128 2322 illius.
1170 2261 1264 2321 simi-

160 2351 235 2413 liter
261 2348 295 2407 in
320 2347 390 2407 alio.
406 2348 477 2406 loco
495 2344 584 2405 dedit
611 2345 660 2404 illi
686 2366 783 2426 super
807 2347 876 2428 ipso
907 2347 1081 2406 terreturio
1106 2345 1146 2405 ad
1168 2345 1265 2404 racio·
1336 2339 1337 2348 ¹

162 2453 203 2492 ue
233 2431 292 2490 illo
315 2429 471 2510 campello
502 2429 627 2486 ferente
657 2429 781 2488 modius
810 2437 936 2504 tantus,
971 2436 1003 2488 et
1025 2427 1200 2508 subiungat
1228 2427 1263 2486 de

161 2534 228 2574 uno
248 2513 348 2571 latere
371 2511 500 2588 campus
521 2508 624 2568 illius:
649 2518 684 2568 ut
703 2511 861 2590 quicquid
888 2509 1004 2570 exinde
1028 2511 1135 2570 facere
1158 2509 1265 2568 volne-

159 2597 220 2673 rit,
242 2594 360 2673 absque
384 2589 599 2674 preiudicium
622 2591 722 2652 sancti
744 2591 843 2668 illius,
866 2592 958 2652 ouius
978 2601 1062 2652 terra
1084 2613 1152 2652 esse
1174 2591 1266 2652 vide·-

159 2687 225 2758 tur,
247 2676 381 2737 liberam
405 2673 437 2731 in
465 2673 611 2733 omnibus
633 2672 748 2734 habeas
769 2683 967 2754 potestatem.
1008 2675 1041 2734 Si
1064 2674 1164 2733 suerit
1185 2693 1265 2731 unus

160 2759 233 2841 quis
256 2758 313 2840 qui
337 2764 449 2816 contra
469 2775 543 2836 pare
567 2775 624 2815 suo
647 2773 740 2836 agere
761 2767 816 2816 aut
832 2755 987 2816 resultare
1010 2755 1264 2838 praesumpserit,

185 2851 284 2902 artem
305 2838 393 2921 quod
417 2837 541 2919 accepit
562 2859 580 2895 a
604 2858 679 2919 pare
700 2857 758 2896 suo
784 2837 916 2913 amittit,
951 2846 984 2899 et
1008 2839 1142 2919 insuper
1168 2837 1266 2896 multa

160 2865 241 3005 legis
266 2923 418 2984 damnum
435 2917 581 2980 incurrit.
622 2920 665 2978 Et
681 2917 761 2979 haec
775 2919 923 3000 epistolas
943 2921 1002 2978 uni
1026 2929 1177 2980 tenorum
1195 2940 1267 2977 oon·

157 3007 301 3090 scriptas,
324 3025 421 3086 quem
435 3003 523 3063 iuter
541 3022 601 3062 nus
617 2999 688 3061 fieri
708 3002 900 3084 rogavimus,
923 3001 1026 3062 firmas
1048 3009 1265 3084 permaneant.

298 3147 418 3230 Incipit
437 3142 580 3204 vindicio
602 3163 695 3226 quam
709 3141 795 3224 facit
823 3146 877 3226 qui
895 3145 997 3226 seipso
1016 3141 1132 3206 vindit.

242 3281 301 3346 IX.
342 3285 468 3343 Domno
489 3282 580 3343 fratri
603 3281 672 3360 illo,
698 3303 824 3342 necnon
845 3292 878 3343 et
902 3283 1021 3344 coniux
1041 3305 1097 3344 sua
1118 3283 1186 3360 illa,
1210 3305 1265 3364 ego

162 3365 224 3443 illi,
247 3366 304 3446 qui
324 3387 501 3425 conmaneo
524 3363 557 3423 in
581 3385 662 3446 pago
680 3364 748 3430 illo.
792 3367 922 3425 Constat
945 3387 994 3426 me
1020 3366 1214 3442 vindedisse,
1236 3375 1267 3424 et

160 3449 205 3508 ita
226 3447 358 3508 vindedi
385 3447 476 3508 vobis
500 3449 673 3506 vernacula
697 3447 775 3507 iuris
798 3447 872 3523 mei,
894 3469 1011 3508 nomen
1034 3449 1104 3524 illo,
1127 3458 1161 3508 et
1183 3449 1265 3510 acci-

184 3531 194 3588 i
221 3530 298 3589 inde
325 3530 471 3610 precium
495 3528 527 3587 in
551 3539 683 3609 argento
709 3529 819 3589 uncias
842 3539 958 3590 tantas:
994 3541 1029 3590 ut
1049 3531 1208 3612 quiequid
1229 3531 1264 3588 ab

159 3551 319 3671 bodierna
341 3611 392 3670 die
418 3611 486 3689 ipso
510 3612 687 3671 vernaculo
714 3612 819 3670 facere
842 3612 1020 3688 volueritis,
1042 3612 1202 3690 habendi,
1224 3623 1265 3672 te-

162 3693 290 3769 nende,
317 3691 476 3768 donando,
499 3691 682 3769 vindende,
709 3715 765 3754 seu
791 3695 1017 3770 conmutandi,
1040 3695 1203 3776 quomodo
1234 3705 1263 3752 et

162 3775 202 3836 de
224 3795 261 3846 ¹re
286 3773 392 3854 aliqua
415 3773 573 3854 mancipia
596 3784 698 3834 vestra
725 3775 861 3835 obnoxia
880 3776 997 3836 exinde
1019 3777 1126 3836 facere
1152 3778 1265 3837 voluc-

160 3856 243 3932 ritis,
264 3856 398 3916 liberam
416 3855 558 3915 habeatis
579 3866 774 3936 potestatem.
816 3860 857 3917 Et
880 3858 1000 3938 siquis
1031 3879 1090 3940 ego
1118 3859 1190 3940 ipsi,
1214 3867 1266 3916 aut

158 3938 275 4020 aliquis
304 3939 344 3999 de
366 3937 536 3998 heredibus
565 3938 663 4014 meis,
697 3941 750 4000 vel
776 3941 921 4021 qualibet
945 3948 1097 4000 extranea
1119 3961 1265 4022 persona,

159 4021 217 4101 qui
237 4031 348 4081 contra
369 4021 451 4080 banc
474 4019 672 4096 vindicione,
695 4042 793 4102 quern
822 4043 881 4104 ego
901 4021 985 4081 bona
1008 4022 1175 4083 voluntate
1198 4023 1266 4082 fieri

156 4104 288 4181 rogavi,
308 4124 404 4183 agere
438 4102 622 4177 conaverit,
654 4103 742 4174 iuter·
762 4105 819 4163 tibi
845 4114 876 4163 et
904 4105 979 4164 fisco
1004 4103 1134 4165 soledus
1159 4113 1266 4165 tantus

155 4185 246 4245 vobis
260 4193 421 4266 conponat
442 4194 472 4244 et
490 4183 578 4266 quod
595 4186 712 4265 repetit
726 4186 807 4246 nibil
828 4187 931 4246 valent
943 4185 1118 4263 vindicare,
1135 4195 1167 4247 et
1186 4187 1266 4246 baec

155 4265 299 4328 vindicio
310 4266 412 4356 adque
424 4268 573 4330 voluntas
584 4289 652 4326 mea
668 4271 804 4350 pereuni
816 4278 956 4351 tempore
973 4269 1059 4329 firma
1071 4279 1265 4351 permaneat
