2734 4990
135 301 208 376 loa
580 316 770 370 roclinum
804 333 810 340 ·

137 463 166 524 ci
188 461 251 520 fuit
266 458 452 531 iudicatum,
473 465 508 518 ut
527 456 624 516 talem
652 455 834 516 cautionem
858 454 897 516 de
919 453 1021 536 capite
1045 474 1115 534 suo,
1138 475 1235 516 manu

136 567 191 611 sua
213 544 262 606 vel
272 542 436 604 ¹bonorum
457 539 622 598 bominum
642 539 780 614 tinnula,
803 539 832 598 ei
863 538 932 597 lieri
956 537 1007 598 rel
1024 537 1235 604 ,conscribere

135 637 237 708 rogat,
258 623 346 706 quod
361 624 404 680 ila
426 631 458 680 et
478 620 565 693 l'ccil,
588 630 623 682 ut
644 621 719 678 dum
742 617 927 700 ipsarn'rern
956 640 1019 677 non
1048 619 1153 698 babai,
1176 641 1234 698 nec

133 710 275 792 pretium
288 705 374 764 unde
394 703 605 763 transsolvere
627 702 676 760 vel
697 702 867 762 emendare
883 701 1073 772 debuissem,
1087 711 1123 762 ut
1136 721 1235 782 quun·

136 791 191 850 diu
210 790 354 850 advivam
376 786 407 844 in
430 785 561 846 servitio
579 783 720 864 publico,
737 783 824 864 spraud
840 783 920 842 mihi
936 783 1120 864 iniungitis,
1144 783 1235 844 vobis

135 872 296 932 ‹loservirc
310 869 451 936 debeam3
475 876 507 926 et
527 867 552 926 si
577 865 744 946 negligens
761 874 816 924 aut
831 866 941 925 turdus
962 865 1001 926 dc
1020 865 1088 946 ipso
1101 865 1234 926 servitio

133 973 322 1035 apparuero,
343 947 604 1030 qualemcunque
631 947 833 1027 disciplinam
861 947 900 1004 acl
919 945 998 1006 alios
1024 969 1131 1007 servos
1162 956 1233 1007 tuos

134 1034 305 1114 impendis,
327 1033 425 1090 talem
448 1051 544 1111 super
569 1050 619 1089 me
637 1039 824 1110 potestatem
841 1028 957 1088 habeas
979 1027 1018 1088 ad
1040 1029 1232 1088 faciendum.

129 1117 172 1176 Η
192 1115 218 1176 si
239 1115 339 1176 l'uerit
358 1122 413 1172 aut
432 1133 491 1192 ego
515 1111 592 1192 ipse,
615 1111 778 1171 arnallus
805 1111 844 1170 de
866 1111 944 1170 meis
968 1109 1152 1187 heredibus,
1174 1109 1231 1194 qui

130 1208 241 1265 contra
263 1197 346 1258 banc
370 1195 551 1256 cautionem
575 1195 686 1254 venire
714 1201 768 1252 aut
793 1192 978 1270 reclamare,
1000 1201 1061 1257 etc.

375 1327 613 1408 Concumioluru
632 1329 715 1388 inter
735 1325 814 1386 duos
834 1325 979 1388 Abbalcs.

201 1428 298 1498 xlv,
340 1434 478 1509 Placuit,
501 1434 677 1496 aruxiliante
704 1432 862 1510 Domino,
884 1441 980 1514 atque
1008 1431 1161 1494 convenit
1183 1432 1230 1490 tm

127 1528 176 1579 ter
200 1517 416 1580 venerabilem
444 1517 547 1576 virum
574 1517 666 1575 illum
688 1516 842 1576 Abbatcm
871 1515 910 1576 de
937 1514 1131 1576 Monasterio
1159 1515 1229 1596 illo,

127 1601 178 1663 vel
206 1599 493 1679 Congregationcm
516 1597 700 1658 Monasterii
726 1599 795 1672 sui,
819 1618 944 1658 necnon
973 1607 1005 1658 et
1026 1596 1230 1677 magnificum

125 1682 230 1740 virum
257 1681 367 1758 illum,
390 1681 430 1742 de
457 1681 703 1740 commutatione
727 1680 881 1757 locorum,
903 1700 1000 1758 quarm
1024 1680 1110 1738 inter
1134 1680 1229 1740 sel'a-

126 1783 199 1825 cere
227 1761 390 1828 deberent.
434 1763 529 1836 Quod
552 1761 596 1821 ila
625 1771 657 1821 et
691 1762 848 1821 lecerunt.
896 1762 1076 1842 Perquam
1107 1759 1230 1840 accepit

125 1843 321 1906 venerabilis
349 1845 398 1904 vir
425 1843 480 1905 ille
512 1844 601 1904 Abba
631 1842 671 1903 ad
699 1865 778 1924 opus
808 1843 993 1904 Monasterii
1018 1842 1069 1903 sui
1095 1841 1128 1902 in
1156 1843 1229 1902 loco

126 1937 337 2006 nuncupante
357 1926 415 1986 illo
437 1926 494 2006 qui
518 1935 564 1986 est
587 1926 619 1983 in
644 1947 726 2006 pago
747 1924 816 1997 illo,
837 1923 900 1984 boc
921 1935 977 2002 est,
1002 1925 1033 1983 in
1061 1925 1129 2006 ipso
1155 1926 1228 1984 loco

125 2009 184 2068 illo
206 2030 330 2073 mansos
355 2009 392 2070 ad
416 2007 701 2084 conomanendum,
733 2006 867 2068 casticiis
888 2007 1114 2086 superpositis,
1135 2007 1228 2067 terris

127 2088 321 2163 arabilibus,
344 2090 396 2150 vel
419 2089 575 2171 quicquid
598 2089 630 2147 in
656 2089 723 2170 ipso
747 2090 819 2148 loco
845 2088 883 2147 ad
915 2110 1063 2168 praesens
1086 2089 1229 2149 cernitur

126 2192 194 2232 esse
220 2172 385 2248 possessio,
408 2180 509 2232 totum
531 2172 617 2232 etad
640 2171 800 2246 integrum
821 2192 857 2230 re
878 2170 1074 2250 inexquisita
1090 2170 1123 2230 in
1145 2193 1228 2230 com·

124 2253 302 2312 mutatione
334 2252 386 2312 vel
416 2254 449 2313 in
479 2253 653 2315 concamio
703 2251 815 2314 Simili·
838 2253 932 2312 modo
965 2252 1013 2314 vir
1040 2253 1224 2332 magnificus

124 2335 182 2394 ille
205 2333 330 2414 acecpit
350 2334 390 2393 ad
418 2357 497 2415 opus
519 2359 611 2398 suum
636 2336 731 2394 aliam
760 2357 827 2395 reru
858 2333 890 2394 iu
912 2335 985 2394 loco
1016 2345 1224 2415 nuncupante

125 2416 196 2492 illo,
217 2415 273 2498 qui
294 2425 343 2476 est
364 2415 396 2474 in
418 2438 499 2498 pago
523 2419 595 2494 illo,
628 2418 690 2480 boc
717 2428 764 2478 est
790 2415 878 2496 quod
901 2417 1049 2496 superius
1075 2417 1224 2492 diximus,

124 2506 227 2562 totum
261 2506 292 2556 et
322 2497 361 2557 ad
392 2497 553 2578 integrum
574 2519 608 2559 re
630 2499 826 2579 inexquisita
847 2497 878 2556 in
902 2501 1148 2559 commutatione
1171 2498 1225 2560 vel

125 2579 158 2646 in
191 2580 366 2638 concamio.
431 2581 522 2640 Unde
553 2580 631 2640 duas
657 2581 804 2661 epistolas
835 2580 992 2661 paricolas
1015 2601 1081 2641 uno
1113 2591 1224 2641 tenore

125 2660 320 2742 conscriptas
354 2682 451 2719 manu
479 2681 590 2721 eorum
622 2662 674 2722 vel
703 2662 859 2722 bonorum
890 2661 1057 2721 bominum
1090 2662 1225 2722 firmatas

124 2743 211 2804 inter
239 2763 272 2802 se
299 2742 367 2803 lieri
401 2750 434 2802 et
463 2742 587 2802 firmare
615 2753 827 2824 rogaverunt,
859 2751 893 2802 ut
914 2745 1134 2825 unusquisque
1154 2752 1226 2826 post

124 2824 212 2888 berne
233 2823 319 2886 diem
344 2823 470 2903 quoda
499 2823 567 2905 pari
596 2846 652 2886 suo
681 2826 714 2884 in
740 2825 988 2887 commutatione
1016 2826 1068 2885 vel
1094 2828 1127 2886 in
1145 2846 1224 2886 cou-

125 2907 226 2975 camio
249 2905 372 2988 accepit
395 2915 502 2968 teneat
515 2915 609 2987 atque
631 2908 799 2989 possideat,
816 2907 866 2968 vel
889 2906 1044 2988 quicquid
1063 2910 1090 2988 [.
1104 2909 1224 2988 ..etc.],

526 3046 642 3108 Charta
668 3051 828 3122 tractoria,

203 3161 280 3232 -xll,
323 3163 456 3224 Domn'is
482 3163 599 3224 sanctis
623 3173 653 3224 et
673 3165 852 3245 apostolicis
874 3189 910 3226 ac
935 3163 1173 3227 venerabilibus
1192 3161 1226 3222 io

125 3244 253 3305 Christo
279 3245 435 3321 Patribus,
458 3247 608 3326 Regibus,
627 3247 815 3324 Comitibus,
844 3249 1021 3330 EpiscopiS,
1042 3245 1227 3320 Abbatibus,

124 3327 364 3404 sacerdotibus,
387 3328 540 3404 Clericis,
570 3327 621 3388 vel
649 3329 735 3387 unani
764 3332 884 3411 populo
905 3330 1086 3392 Christiano
1107 3327 1163 3408 qui
1192 3326 1226 3386 in

124 3409 340 3477 Romanorum
363 3411 414 3472 vel
445 3410 728 3492 Langobardorum
756 3412 930 3491 provinciis
958 3415 1027 3472 Deo
1059 3409 1227 3482 serviunt,

125 3499 187 3558 tam
211 3490 245 3548 in
267 3489 470 3552 Monasteriis
499 3512 595 3570 quam
618 3502 649 3551 et
669 3494 701 3551 in
725 3492 863 3570 civitate,
886 3515 943 3554 seu
963 3513 1022 3574 per
1043 3513 1150 3576 pagos,
1173 3493 1226 3552 vel

126 3593 186 3652 per
206 3572 302 3646 vicos,
326 3593 385 3654 ego
414 3573 448 3632 iu
468 3573 531 3632 Dei
555 3574 762 3634 nomine'ille
786 3577 889 3636 illaior
914 3576 1034 3641 domus.
1089 3577 1228 3655 Cognos-

127 3664 176 3716 cat
203 3653 391 3733 Magnitudo
413 3676 469 3714 seu
492 3656 698 3718 etSanotitas
722 3665 824 3716 vestra
849 3657 935 3736 quod
957 3658 1013 3716 iste
1036 3659 1133 3717 frater
1158 3678 1228 3716 nos·

125 3745 174 3794 ter
195 3755 312 3806 laomen
340 3735 393 3796 ille
416 3735 560 3797 serviens
586 3745 689 3798 vester
715 3739 806 3818 petiit
831 3739 921 3800 nobis
944 3749 979 3799 ul
1005 3741 1045 3800 ad
1065 3738 1227 3799 basilicam

126 3817 226 3888 structi
258 3817 344 3884 Petri
375 3820 471 3898 patris
496 3819 592 3878 vestri
616 3841 672 3898 pro
697 3820 799 3899 culpis
828 3823 879 3880 vel
903 3845 960 3903 pro
986 3832 1091 3883 nostra
1108 3815 1228 3880 stabili·

125 3909 189 3966 tate
220 3898 322 3960 valeat
344 3901 505 3960 ambulare
538 3900 577 3964 ad
606 3901 791 3962 orationem.
841 3905 995 3984 Proptera
1026 3905 1082 3966 bas
1107 3903 1227 3962 litteras

128 4005 201 4054 cnm
225 3980 415 4042 salutatione
439 4003 496 4061 pcc
525 3983 627 4063 ipsum
653 3983 692 4044 ad
715 4005 770 4043 vos
797 3985 981 4062 direximus,
1004 3997 1038 4046 nt
1060 3987 1091 4047 in
1121 4005 1227 4044 amore

128 4065 187 4133 Dei
211 4074 241 4124 et
263 4064 363 4124 sancti
383 4065 471 4132 Petri
497 4064 599 4144 ipsum
620 4065 658 4124 ad
691 4067 861 4146 liospiliurn
882 4069 1043 4149 recipiatis
1067 4070 1105 4130 ad
1125 4068 1226 4126 bene-.

127 4144 309 4206 laciendum
334 4147 383 4206 vel
407 4149 444 4206 ad
466 4169 553 4207 suam
581 4148 849 4221 calculationem,
872 4159 934 4207 tarn
960 4151 998 4208 ad
1022 4173 1091 4210 eam
1115 4149 1228 4208 ambu-

128 4229 226 4296 lando
247 4249 342 4318 quam
368 4238 399 4296 el
416 4229 448 4297 lu
472 4231 649 4307 cellcumin,
674 4241 710 4298 ul
732 4253 790 4314 per
815 4253 869 4297 los
898 4233 1003 4301 salvus
1026 4241 1076 4301 cat
1102 4241 1134 4300 ct
1163 4231 1226 4294 sals
