2676 4976
162 267 236 342 500
623 279 814 342 sunnonis

159 423 246 505 lius,
280 425 373 489 cuius
391 432 496 488 teme
518 443 586 487 esse
614 423 753 488 videtur.
795 427 884 490 Etsi
906 430 1006 494 luerit
1027 432 1096 493 ullo
1118 442 1272 516 umquam

160 520 325 594 tempore,
353 507 411 592 qui
444 516 555 568 eontra
581 508 665 569 lianc
690 506 834 571 cessione
862 509 939 590 ista,
967 533 1064 596 quem
1094 535 1156 598 ego
1182 517 1272 580 inte

160 593 246 655 bona
268 593 433 654 voluntate
455 591 658 652 conscribere
680 591 801 672 rogavi,
823 601 877 652 aut
900 615 959 676 ego
982 596 1060 678 ipsi,
1098 606 1156 656 aut
1184 601 1271 661 ullus

162 676 203 736 de
224 674 398 736 heredibus
424 673 503 734 meis
522 673 575 734 vel
598 671 789 756 propinquis
815 675 911 754 meis,
934 687 987 737 arnt
1010 677 1155 759 qualibet
1174 679 1272 743 homo

161 757 214 818 vel
239 766 391 818 extranea
409 763 462 814 aut
484 754 596 816 emissa
618 775 755 838 persona
776 757 889 819 venire
912 757 1064 839 voluerit,
1087 769 1271 846 satagere,

161 839 215 901 vel
242 837 382 922 repetire
404 839 673 920 praesumpserit,
696 846 769 899 ante
797 838 854 900 lite
884 839 1045 921 ingressus
1069 843 1186 926 duplet
1213 847 1272 908 tibi

160 930 305 998 tantum,
327 929 358 982 et
379 921 443 980 alio
464 927 600 998 tantum,
622 930 779 1001 quantum
803 922 903 984 cessio
931 923 989 984 ista
1021 935 1189 1007 contenet,
1219 937 1273 989 aut

161 1025 200 1065 eo
222 1012 365 1086 tempore
387 1001 553 1062 meliorata
576 1003 738 1073 valuerim
761 1010 795 1063 et
825 1004 1017 1087 repetitione
1042 1029 1099 1068 sua
1120 1031 1189 1070 nou
1213 1011 1271 1072 ob-

160 1085 260 1147 teniat
282 1085 448 1148 ellectum:
478 1090 511 1144 ct
539 1083 618 1145 hae'c
649 1085 749 1146 cessio
774 1084 833 1146 ista
862 1094 959 1169 atque
983 1088 1132 1152 voluutas
1160 1103 1272 1156 nostro

161 1168 247 1229 omui
271 1178 414 1248 tempore
433 1165 523 1226 firma
547 1176 744 1250 permaneat·

243 1250 323 1314 Post
347 1249 426 1310 haec
450 1248 549 1309 Curia
578 1249 643 1310 ait:
677 1249 718 1310 Se
747 1248 853 1310 adhuc
890 1249 1016 1330 aliquid
1041 1251 1108 1315 abis
1138 1267 1179 1316 ex
1209 1253 1269 1320 hae

161 1353 255 1394 causa
276 1341 331 1392 aut
356 1352 449 1414 agere
472 1330 592 1407 debias,
614 1330 666 1392 dic
690 1339 727 1391 tu
752 1331 785 1390 in
812 1344 989 1414 praesente.
1032 1335 1086 1394 llli
1111 1358 1269 1419 prosecu-

157 1424 211 1476 tor
231 1415 329 1477 dixit:
351 1413 477 1475 Gratias
502 1435 630 1496 agemus
651 1413 872 1498 magnitudine
891 1424 1027 1492 vestrae,
1047 1420 1137 1499 quod
1159 1420 1268 1482 dotem

159 1517 217 1559 sna
236 1497 354 1581 scripta
377 1515 475 1578 quem
490 1496 674 1578 prosequio,
696 1496 792 1578 gestis
812 1496 1080 1580 municipalibus,
1102 1509 1139 1562 ut
1155 1500 1269 1565 habuit

159 1589 281 1675 caretas
306 1586 423 1656 vestra,
445 1576 598 1662 allegasse
619 1611 660 1628 ·-
680 1611 720 1624 ·-
748 1578 861 1641 secisse
887 1579 978 1642 vobis
1006 1601 1047 1643 ex
1067 1601 1158 1646 more
1188 1606 1267 1648 con-

160 1681 281 1746 scripse
302 1694 344 1712 ·-
363 1694 405 1707 -
425 1695 475 1720 -.

375 1790 441 1852 Hic
460 1803 508 1852 est
529 1785 679 1864 venditio,
699 1793 755 1874 qui
774 1792 909 1874 seipsum
930 1794 1046 1859 vendit.

239 1904 285 1971 ll.
326 1909 453 1971 Domno
474 1905 556 1968 mihi
578 1905 648 1985 illo,
669 1927 796 1968 necnon
824 1917 857 1968 et
882 1907 1003 1970 coniux
1030 1930 1087 1971 sua
1107 1908 1184 1989 illa,
1208 1931 1266 1996 ego

156 1987 219 2058 illi.
261 1991 347 2070 Quia
368 1990 610 2052 coniunxerunt
629 1989 709 2050 mihi
732 1989 952 2070 necligentias,
966 1990 1054 2073 quod
1074 2013 1127 2053 res
1146 2003 1265 2056 vestras

156 2071 283 2151 furari,
312 2072 401 2135 etin
428 2071 522 2134 aliter
548 2080 732 2154 transegere
765 2092 830 2133 non
856 2093 1002 2153 possum,
1032 2073 1094 2134 nisi
1117 2084 1152 2136 ut
1178 2075 1265 2139 inte·
1325 2137 1330 2170 Ι

155 2178 249 2241 grum
263 2163 379 2217 statum
394 2176 502 2216 meum
523 2153 557 2214 in
575 2164 716 2215 vestrum
734 2153 858 2215 debiam
882 2153 1052 2236 implecare
1072 2157 1262 2220 servitium:

156 2260 192 2302 er
214 2260 233 2299 o
261 2246 385 2300 constat
415 2258 466 2298 me
494 2236 586 2297 nullo
612 2245 747 2319 cogente
776 2235 947 2320 imperium
963 2281 972 2314 ,
1005 2246 1053 2298 set
1077 2238 1262 2319 plenissima

154 2261 323 2386 voluntate
345 2340 437 2381 mea:
458 2327 491 2380 et
511 2319 538 2380 si
558 2318 597 2379 de
618 2318 678 2379 hac
694 2339 787 2380 eausa
807 2318 964 2400 reprobus
983 2323 1184 2400 apparuerit,
1206 2343 1262 2406 pro

154 2402 166 2463 i
190 2425 224 2465 su
247 2400 444 2484 necligentia
471 2400 633 2482 integrum
657 2409 772 2462 statum
794 2423 901 2462 meum
928 2401 961 2460 in
992 2411 1136 2462 vestrum
1158 2406 1262 2467 servi-

153 2425 237 2546 tium
257 2482 398 2565 obligare
421 2481 546 2542 debiam
574 2503 610 2544 ac
635 2483 750 2544 cedere
776 2484 795 2544 d
824 2483 915 2545 vobis
941 2481 1080 2565 Pretium
1109 2485 1144 2544 in
1175 2489 1261 2567 quod

152 2565 234 2628 mihi
255 2564 460 2647 complacuit,
481 2564 609 2625 soledus
637 2573 764 2643 tantus,
793 2576 830 2627 ut
854 2563 1016 2647 quidquid
1038 2566 1076 2625 ab
1103 2565 1262 2630 hodierno

155 2649 208 2712 die
224 2646 264 2708 de
283 2646 471 2727 memetipso
495 2646 601 2708 facere
623 2647 801 2730 volueritis,
821 2648 905 2710 sicut
923 2647 1008 2707 etde
1028 2647 1156 2731 reliqua
1174 2673 1263 2712 mau-

155 2729 241 2813 cipia
261 2739 364 2793 vestre
386 2727 537 2804 obnoxia,
558 2729 592 2788 in
617 2729 764 2790 omnibus
784 2732 854 2792 Deo
875 2728 1020 2812 praesule
1039 2729 1184 2794 habeatis
1205 2756 1261 2817 po·

155 2820 303 2875 testatem
323 2810 464 2874 faciendi
497 2811 586 2892 quod
608 2812 788 2874 volueritis.
829 2812 863 2872 si
888 2810 988 2872 fuerit
1016 2832 1074 2894 ego
1101 2813 1183 2897 ipsi,
1212 2809 1262 2877 aul

157 2894 276 2978 aliquis
304 2895 344 2956 de
364 2893 555 2978 propinquis
577 2893 669 2972 meis,
690 2894 744 2956 vel
764 2895 909 2975 qualibet
930 2901 1082 2955 extranea
1107 2919 1261 2979 persona,

157 2979 216 3062 qui
240 2986 353 3040 contra
381 2977 465 3038 hanc
496 2974 731 3048 vinditionem,
764 2995 861 3057 quem
892 2997 952 3058 ego
981 2974 1066 3036 bona
1096 2979 1261 3042 voluntate

158 3059 229 3123 fieri
253 3056 388 3143 rogavi,
412 3079 505 3140 agere
527 3055 712 3136 conaverit,
741 3056 853 3120 inferit
874 3058 961 3118 inter
983 3057 1040 3117 tibi
1061 3068 1095 3120 et
1114 3061 1192 3124 fiseo
1210 3087 1260 3126 so-

155 3141 250 3205 ledus
271 3152 377 3205 tantus
394 3139 485 3202 vobis
505 3148 685 3222 componat,
707 3147 739 3200 et
760 3140 847 3222 quod
861 3138 980 3222 repetit
998 3139 1170 3206 viudeeare
1196 3168 1258 3208 non

157 3225 274 3304 valeat,
294 3233 327 3288 et
346 3224 426 3286 haec
437 3222 574 3286 vinditio
590 3231 686 3304 atque
699 3222 848 3284 voluntas
867 3243 937 3284 mea
958 3219 1048 3281 firma
1066 3238 1259 3307 permaneat

290 3355 356 3418 Hic
377 3369 423 3418 est
444 3356 587 3418 venditio
615 3355 655 3417 de
677 3356 798 3417 homine
822 3357 855 3416 in
876 3375 983 3416 essene
1001 3355 1116 3437 posito.

37 3611 41 3626 ,
157 3552 337 3614 iunxerunt
359 3553 440 3612 milri
466 3552 577 3635 culpas
602 3561 635 3614 ct
654 3574 740 3614 meas
760 3574 858 3636 magis
880 3549 1091 3634 necligentias
1108 3575 1169 3634 pro
1188 3558 1257 3618 fur-

156 3643 191 3696 ta
209 3632 290 3717 quid
309 3635 393 3712 feci,
415 3634 501 3696 unde
526 3655 586 3716 ego
611 3634 645 3694 in
666 3643 840 3696 turmentas
863 3635 931 3713 fui,
954 3643 986 3694 et
1010 3632 1149 3716 eologius
1174 3638 1255 3715 feci,

157 3725 191 3780 ct
212 3725 314 3778 morte
334 3715 513 3800 pericolum
530 3737 570 3776 ex
590 3716 653 3777 hoc
674 3716 837 3778 incurrere
855 3717 969 3788 debui3
991 3723 1040 3776 set
1060 3714 1173 3780 habuit
1194 3723 1256 3804 pie·

155 3806 203 3861 tas
223 3807 327 3860 vestra
359 3798 440 3861 datis
464 3798 504 3859 de
529 3797 574 3859 ris
603 3807 722 3860 vestras
745 3799 867 3860 solidus
899 3808 1018 3860 tantus.
1065 3796 1146 3861 ldeo
1175 3802 1255 3865 hanc

155 3880 324 3966 epistolam
336 3875 523 3944 venditione
544 3879 584 3940 de
606 3879 767 3963 integrum
779 3889 894 3941 statum
907 3881 996 3942 omni
1003 3881 1174 4022 peculiare
1187 3907 1256 3948 meo

238 3467 298 3536 111.
339 3470 467 3546 nonno
487 3469 567 3530 mni
592 3469 722 3553 proprio
744 3468 813 3548 1110,
833 3491 894 3566 9¹5⁰
916 3467 976 3529 un.
1016 3468 1060 3529 nt
1079 3470 1157 3552 qun
1180 3495 1257 3536 00„-

155 3963 248 4028 vohis
272 3962 480 4026 emittendam
504 3960 626 4040 curavi,
651 3973 686 4023 ut
705 3962 866 4045 quidquid
889 3964 928 4024 ab
956 3963 1000 4024 ho
1025 3960 1113 4022 lerna
1142 3966 1196 4027 die
1217 3969 1256 4030 de

156 4045 344 4130 memetipso
363 4045 470 4108 secere
502 4043 686 4121 volueritis,
714 4044 796 4107 sicut
818 4055 850 4108 et
875 4046 915 4108 de
944 4046 1071 4125 reliqua
1099 4050 1255 4134 mancipis·

158 4138 263 4190 vestra
291 4127 487 4211 originaria,
523 4127 557 4186 in
594 4125 741 4190 omnibns
768 4129 838 4190 Deo
877 4128 1022 4212 praesule
1051 4122 1168 4193 habeas
1196 4156 1254 4216 po·

158 4215 304 4276 testatem
320 4209 473 4294 faciendi.
513 4207 557 4274 Et
576 4206 718 4274 siluerit
737 4229 796 4293 ego
814 4205 886 4298 ipsi,
908 4218 963 4274 aut
984 4207 1103 4290 aliquis
1125 4213 1166 4278 dc
1184 4233 1254 4302 prot
