<?xml version="1.0" encoding="UTF-8"?>
<!DOCTYPE html PUBLIC "-//W3C//DTD XHTML 1.0 Transitional//EN"
    "http://www.w3.org/TR/xhtml1/DTD/xhtml1-transitional.dtd">
<html xmlns="http://www.w3.org/1999/xhtml" xml:lang="en" lang="en">
 <head>
  <title>
</title>
<meta http-equiv="Content-Type" content="text/html;charset=utf-8" />
  <meta name='ocr-system' content='tesseract 3.04.00' />
  <meta name='ocr-capabilities' content='ocr_page ocr_carea ocr_par ocr_line ocrx_word'/>
</head>
<body>
  <div class='ocr_page' id='page_1' title='image "./corpusiurisgerm03visigoog_0122.png"; bbox 0 0 2676 4976; ppageno 0'>
   <div class='ocr_carea' id='block_1_1' title="bbox 452 289 1151 363">
    <p class='ocr_par' dir='ltr' id='par_1_1' title="bbox 452 289 1151 363">
     <span class='ocr_line' id='line_1_1' title="bbox 452 289 1151 363; baseline 0.011 -9"><span class='ocrx_word' id='word_1_1' title='bbox 452 300 729 356; x_wconf 78' lang='lat' dir='ltr'><strong>nnnsotvsnsts</strong></span> <span class='ocrx_word' id='word_1_2' title='bbox 1079 289 1151 363; x_wconf 82' lang='lat'><strong>515</strong></span> 
     </span>
    </p>
   </div>
   <div class='ocr_carea' id='block_1_2' title="bbox 83 439 1150 613">
    <p class='ocr_par' dir='ltr' id='par_1_2' title="bbox 83 439 1150 613">
     <span class='ocr_line' id='line_1_2' title="bbox 83 439 1150 532; baseline 0.001 -23"><span class='ocrx_word' id='word_1_3' title='bbox 83 450 172 510; x_wconf 74' lang='lat' dir='ltr'><strong>canta</strong></span> <span class='ocrx_word' id='word_1_4' title='bbox 192 443 308 526; x_wconf 82' lang='lat' dir='ltr'><strong>quietus</strong></span> <span class='ocrx_word' id='word_1_5' title='bbox 331 443 368 504; x_wconf 66' lang='lat' dir='ltr'><strong>&#39;et</strong></span> <span class='ocrx_word' id='word_1_6' title='bbox 399 459 532 502; x_wconf 71' lang='lat' dir='ltr'><strong>sectatus</strong></span> <span class='ocrx_word' id='word_1_7' title='bbox 561 439 702 504; x_wconf 80' lang='lat' dir='ltr'>residias.</span> <span class='ocrx_word' id='word_1_8' title='bbox 751 439 794 502; x_wconf 86' lang='lat' dir='ltr'><strong>Et</strong></span> <span class='ocrx_word' id='word_1_9' title='bbox 823 441 850 504; x_wconf 86' lang='lat' dir='ltr'><strong>si</strong></span> <span class='ocrx_word' id='word_1_10' title='bbox 884 443 983 506; x_wconf 82' lang='lat' dir='ltr'><strong>luerit</strong></span> <span class='ocrx_word' id='word_1_11' title='bbox 1007 453 1063 506; x_wconf 81' lang='lat' dir='ltr'><strong>aut</strong></span> <span class='ocrx_word' id='word_1_12' title='bbox 1089 467 1150 532; x_wconf 87' lang='lat' dir='ltr'><strong>ego</strong></span> 
     </span>
     <span class='ocr_line' id='line_1_3' title="bbox 83 533 236 613; baseline 0.02 -24"><span class='ocrx_word' id='word_1_13' title='bbox 83 533 156 613; x_wconf 85' lang='lat' dir='ltr'><strong>ipse,</strong></span> <span class='ocrx_word' id='word_1_14' title='bbox 184 535 236 592; x_wconf 86' lang='lat' dir='ltr'><strong>ete.</strong></span> 
     </span>
    </p>
   </div>
   <div class='ocr_carea' id='block_1_3' title="bbox 141 651 1089 741">
    <p class='ocr_par' dir='ltr' id='par_1_3' title="bbox 141 651 1089 741">
     <span class='ocr_line' id='line_1_4' title="bbox 141 651 1089 741; baseline 0.004 -21"><span class='ocrx_word' id='word_1_15' title='bbox 141 655 241 741; x_wconf 77' lang='lat' dir='ltr'><em>Incipit</em></span> <span class='ocrx_word' id='word_1_16' title='bbox 258 652 382 740; x_wconf 78' lang='lat' dir='ltr'><strong>epistole</strong></span> <span class='ocrx_word' id='word_1_17' title='bbox 400 674 490 739; x_wconf 84' lang='lat' dir='ltr'><strong>quem</strong></span> <span class='ocrx_word' id='word_1_18' title='bbox 517 651 673 716; x_wconf 82' lang='lat' dir='ltr'><strong>hominem</strong></span> <span class='ocrx_word' id='word_1_19' title='bbox 698 657 855 739; x_wconf 76' lang='lat' dir='ltr'><strong>reperavit</strong></span> <span class='ocrx_word' id='word_1_20' title='bbox 875 656 915 719; x_wconf 86' lang='lat' dir='ltr'><strong>de</strong></span> <span class='ocrx_word' id='word_1_21' title='bbox 937 678 987 720; x_wconf 83' lang='lat' dir='ltr'><strong>rcs</strong></span> <span class='ocrx_word' id='word_1_22' title='bbox 1008 681 1089 724; x_wconf 76' lang='lat' dir='ltr'><strong>sitas.</strong></span> 
     </span>
    </p>
   </div>
   <div class='ocr_carea' id='block_1_4' title="bbox 86 769 1154 1268">
    <p class='ocr_par' dir='ltr' id='par_1_4' title="bbox 86 769 1154 1268">
     <span class='ocr_line' id='line_1_5' title="bbox 159 769 1152 854; baseline 0.006 -20"><span class='ocrx_word' id='word_1_23' title='bbox 159 773 241 837; x_wconf 86' lang='lat' dir='ltr'><strong>XLII.</strong></span> <span class='ocrx_word' id='word_1_24' title='bbox 274 773 357 832; x_wconf 89' lang='lat' dir='ltr'><strong>Dum</strong></span> <span class='ocrx_word' id='word_1_25' title='bbox 376 771 540 854; x_wconf 80' lang='lat' dir='ltr'><strong>cognitum</strong></span> <span class='ocrx_word' id='word_1_26' title='bbox 562 779 611 832; x_wconf 89' lang='lat' dir='ltr'><strong>est</strong></span> <span class='ocrx_word' id='word_1_27' title='bbox 634 769 722 852; x_wconf 88' lang='lat' dir='ltr'><strong>quod</strong></span> <span class='ocrx_word' id='word_1_28' title='bbox 747 769 856 850; x_wconf 85' lang='lat' dir='ltr'><strong>homo,</strong></span> <span class='ocrx_word' id='word_1_29' title='bbox 877 794 992 836; x_wconf 89' lang='lat' dir='ltr'><strong>nomen</strong></span> <span class='ocrx_word' id='word_1_30' title='bbox 1015 776 1076 853; x_wconf 93' lang='lat' dir='ltr'><strong>illi,</strong></span> <span class='ocrx_word' id='word_1_31' title='bbox 1095 777 1152 840; x_wconf 80' lang='lat' dir='ltr'><strong>ali·</strong></span> 
     </span>
     <span class='ocr_line' id='line_1_6' title="bbox 89 853 1154 942; baseline 0.005 -25"><span class='ocrx_word' id='word_1_32' title='bbox 89 873 145 941; x_wconf 85' lang='lat' dir='ltr'><strong>quo</strong></span> <span class='ocrx_word' id='word_1_33' title='bbox 170 855 286 931; x_wconf 90' lang='lat' dir='ltr'><strong>homine,</strong></span> <span class='ocrx_word' id='word_1_34' title='bbox 307 875 425 915; x_wconf 90' lang='lat' dir='ltr'><strong>nomen</strong></span> <span class='ocrx_word' id='word_1_35' title='bbox 447 854 516 930; x_wconf 91' lang='lat' dir='ltr'><strong>illo,</strong></span> <span class='ocrx_word' id='word_1_36' title='bbox 538 853 683 914; x_wconf 83' lang='lat' dir='ltr'><strong>mallavit</strong></span> <span class='ocrx_word' id='word_1_37' title='bbox 701 874 759 934; x_wconf 87' lang='lat' dir='ltr'><strong>pro</strong></span> <span class='ocrx_word' id='word_1_38' title='bbox 781 875 832 916; x_wconf 90' lang='lat' dir='ltr'><strong>res</strong></span> <span class='ocrx_word' id='word_1_39' title='bbox 855 878 937 931; x_wconf 87' lang='lat' dir='ltr'><strong>suas,</strong></span> <span class='ocrx_word' id='word_1_40' title='bbox 960 865 993 917; x_wconf 88' lang='lat' dir='ltr'><strong>et</strong></span> <span class='ocrx_word' id='word_1_41' title='bbox 1018 859 1079 942; x_wconf 92' lang='lat' dir='ltr'><strong>ipsi</strong></span> <span class='ocrx_word' id='word_1_42' title='bbox 1103 861 1154 922; x_wconf 93' lang='lat' dir='ltr'><strong>illi</strong></span> 
     </span>
     <span class='ocr_line' id='line_1_7' title="bbox 89 936 1154 1024; baseline 0.005 -25"><span class='ocrx_word' id='word_1_43' title='bbox 89 940 159 999; x_wconf 86' lang='lat' dir='ltr'><strong>male</strong></span> <span class='ocrx_word' id='word_1_44' title='bbox 181 937 205 998; x_wconf 89' lang='lat' dir='ltr'><strong>ei</strong></span> <span class='ocrx_word' id='word_1_45' title='bbox 227 937 336 998; x_wconf 82' lang='lat' dir='ltr'>exinde</span> <span class='ocrx_word' id='word_1_46' title='bbox 365 957 540 1016; x_wconf 80' lang='lat' dir='ltr'><strong>numquam</strong></span> <span class='ocrx_word' id='word_1_47' title='bbox 563 936 645 996; x_wconf 88' lang='lat' dir='ltr'><strong>male</strong></span> <span class='ocrx_word' id='word_1_48' title='bbox 667 937 803 997; x_wconf 81' lang='lat' dir='ltr'><strong>fecisset.</strong></span> <span class='ocrx_word' id='word_1_49' title='bbox 850 938 992 1000; x_wconf 84' lang='lat' dir='ltr'>Proinde</span> <span class='ocrx_word' id='word_1_50' title='bbox 1014 941 1075 1024; x_wconf 84' lang='lat' dir='ltr'><strong>ipsi</strong></span> <span class='ocrx_word' id='word_1_51' title='bbox 1103 943 1154 1004; x_wconf 91' lang='lat' dir='ltr'><strong>illi</strong></span> 
     </span>
     <span class='ocr_line' id='line_1_8' title="bbox 90 1017 1153 1102; baseline 0.007 -21"><span class='ocrx_word' id='word_1_52' title='bbox 90 1029 150 1082; x_wconf 76' lang='lat' dir='ltr'><strong>aitte</strong></span> <span class='ocrx_word' id='word_1_53' title='bbox 168 1019 243 1080; x_wconf 83' lang='lat' dir='ltr'><strong>lonis</strong></span> <span class='ocrx_word' id='word_1_54' title='bbox 270 1017 455 1080; x_wconf 88' lang='lat' dir='ltr'><strong>hominibus</strong></span> <span class='ocrx_word' id='word_1_55' title='bbox 482 1017 659 1094; x_wconf 85' lang='lat' dir='ltr'><strong>convenit,</strong></span> <span class='ocrx_word' id='word_1_56' title='bbox 686 1025 722 1077; x_wconf 91' lang='lat' dir='ltr'><strong>ut</strong></span> <span class='ocrx_word' id='word_1_57' title='bbox 748 1017 831 1080; x_wconf 84' lang='lat' dir='ltr'><strong>hanc</strong></span> <span class='ocrx_word' id='word_1_58' title='bbox 856 1019 1022 1102; x_wconf 87' lang='lat' dir='ltr'><strong>epistolam</strong></span> <span class='ocrx_word' id='word_1_59' title='bbox 1046 1025 1153 1088; x_wconf 85' lang='lat' dir='ltr'><strong>faeere</strong></span> 
     </span>
     <span class='ocr_line' id='line_1_9' title="bbox 90 1100 1153 1188; baseline 0.004 -24"><span class='ocrx_word' id='word_1_60' title='bbox 90 1102 195 1178; x_wconf 85' lang='lat' dir='ltr'><strong>deberit,</strong></span> <span class='ocrx_word' id='word_1_61' title='bbox 214 1110 246 1162; x_wconf 90' lang='lat' dir='ltr'><strong>ut</strong></span> <span class='ocrx_word' id='word_1_62' title='bbox 268 1101 361 1162; x_wconf 88' lang='lat' dir='ltr'><strong>nullo</strong></span> <span class='ocrx_word' id='word_1_63' title='bbox 384 1121 536 1181; x_wconf 82' lang='lat' dir='ltr'><strong>umquam</strong></span> <span class='ocrx_word' id='word_1_64' title='bbox 555 1110 698 1181; x_wconf 88' lang='lat' dir='ltr'><strong>ternpore</strong></span> <span class='ocrx_word' id='word_1_65' title='bbox 715 1111 827 1161; x_wconf 87' lang='lat' dir='ltr'><strong>contra</strong></span> <span class='ocrx_word' id='word_1_66' title='bbox 849 1100 955 1184; x_wconf 90' lang='lat' dir='ltr'><strong>ipsum</strong></span> <span class='ocrx_word' id='word_1_67' title='bbox 974 1125 1068 1188; x_wconf 76' lang='lat' dir='ltr'><strong>agere</strong></span> <span class='ocrx_word' id='word_1_68' title='bbox 1086 1127 1153 1170; x_wconf 87' lang='lat' dir='ltr'><strong>non</strong></span> 
     </span>
     <span class='ocr_line' id='line_1_10' title="bbox 86 1182 975 1268; baseline 0.004 -24"><span class='ocrx_word' id='word_1_69' title='bbox 86 1193 241 1268; x_wconf 87' lang='lat' dir='ltr'><strong>praesumat.</strong></span> <span class='ocrx_word' id='word_1_70' title='bbox 280 1183 379 1262; x_wconf 89' lang='lat' dir='ltr'><strong>Quod</strong></span> <span class='ocrx_word' id='word_1_71' title='bbox 403 1183 431 1245; x_wconf 93' lang='lat' dir='ltr'><strong>si</strong></span> <span class='ocrx_word' id='word_1_72' title='bbox 460 1183 511 1242; x_wconf 89' lang='lat' dir='ltr'><strong>illi</strong></span> <span class='ocrx_word' id='word_1_73' title='bbox 536 1191 591 1242; x_wconf 90' lang='lat' dir='ltr'><strong>aut</strong></span> <span class='ocrx_word' id='word_1_74' title='bbox 614 1182 722 1265; x_wconf 90' lang='lat' dir='ltr'><strong>aliqua</strong></span> <span class='ocrx_word' id='word_1_75' title='bbox 746 1203 893 1266; x_wconf 87' lang='lat' dir='ltr'><strong>persona,</strong></span> <span class='ocrx_word' id='word_1_76' title='bbox 914 1194 975 1248; x_wconf 89' lang='lat' dir='ltr'><strong>etc.</strong></span> 
     </span>
    </p>
   </div>
   <div class='ocr_carea' id='block_1_5' title="bbox 369 1309 842 1398">
    <p class='ocr_par' dir='ltr' id='par_1_5' title="bbox 369 1309 842 1398">
     <span class='ocr_line' id='line_1_11' title="bbox 369 1309 842 1398; baseline -0.004 -22"><span class='ocrx_word' id='word_1_77' title='bbox 369 1313 489 1398; x_wconf 79' lang='lat' dir='ltr'><em>Incipit</em></span> <span class='ocrx_word' id='word_1_78' title='bbox 508 1311 658 1374; x_wconf 81' lang='lat' dir='ltr'><em>securitas</em></span> <span class='ocrx_word' id='word_1_79' title='bbox 678 1309 718 1372; x_wconf 86' lang='lat' dir='ltr'><strong>dc</strong></span> <span class='ocrx_word' id='word_1_80' title='bbox 739 1323 842 1396; x_wconf 83' lang='lat' dir='ltr'><strong>rapto.</strong></span> 
     </span>
    </p>
   </div>
   <div class='ocr_carea' id='block_1_6' title="bbox 76 1423 1160 2088">
    <p class='ocr_par' dir='ltr' id='par_1_6' title="bbox 76 1423 1160 2088">
     <span class='ocr_line' id='line_1_12' title="bbox 144 1423 1156 1512; baseline 0.008 -24"><span class='ocrx_word' id='word_1_81' title='bbox 144 1427 249 1488; x_wconf 86' lang='lat' dir='ltr'><strong>XLIII.</strong></span> <span class='ocrx_word' id='word_1_82' title='bbox 287 1428 358 1512; x_wconf 84' lang='lat' dir='ltr'><strong>Ego</strong></span> <span class='ocrx_word' id='word_1_83' title='bbox 390 1428 476 1490; x_wconf 78' lang='lat' dir='ltr'><strong>enirn</strong></span> <span class='ocrx_word' id='word_1_84' title='bbox 502 1426 561 1486; x_wconf 90' lang='lat' dir='ltr'><strong>illi.</strong></span> <span class='ocrx_word' id='word_1_85' title='bbox 603 1427 735 1488; x_wconf 82' lang='lat' dir='ltr'><strong>Constat</strong></span> <span class='ocrx_word' id='word_1_86' title='bbox 761 1447 812 1488; x_wconf 88' lang='lat' dir='ltr'><strong>me</strong></span> <span class='ocrx_word' id='word_1_87' title='bbox 845 1423 1006 1510; x_wconf 82' lang='lat' dir='ltr'><strong>accepisse</strong></span> <span class='ocrx_word' id='word_1_88' title='bbox 1031 1427 1071 1493; x_wconf 88' lang='lat' dir='ltr'><strong>de</strong></span> <span class='ocrx_word' id='word_1_89' title='bbox 1096 1432 1156 1496; x_wconf 93' lang='lat' dir='ltr'><strong>illo</strong></span> 
     </span>
     <span class='ocr_line' id='line_1_13' title="bbox 79 1506 1159 1594; baseline 0.007 -25"><span class='ocrx_word' id='word_1_90' title='bbox 79 1510 184 1591; x_wconf 80' lang='lat' dir='ltr'><strong>integro</strong></span> <span class='ocrx_word' id='word_1_91' title='bbox 205 1511 437 1594; x_wconf 86' lang='lat' dir='ltr'><strong>conpositione,</strong></span> <span class='ocrx_word' id='word_1_92' title='bbox 463 1530 521 1591; x_wconf 94' lang='lat' dir='ltr'><strong>pro</strong></span> <span class='ocrx_word' id='word_1_93' title='bbox 542 1509 688 1590; x_wconf 89' lang='lat' dir='ltr'><strong>eoquod</strong></span> <span class='ocrx_word' id='word_1_94' title='bbox 709 1508 794 1591; x_wconf 85' lang='lat' dir='ltr'><strong>apud</strong></span> <span class='ocrx_word' id='word_1_95' title='bbox 813 1506 956 1586; x_wconf 86' lang='lat' dir='ltr'><strong>homine,</strong></span> <span class='ocrx_word' id='word_1_96' title='bbox 983 1532 1100 1574; x_wconf 89' lang='lat' dir='ltr'><strong>nomeu</strong></span> <span class='ocrx_word' id='word_1_97' title='bbox 1120 1516 1159 1578; x_wconf 92' lang='lat' dir='ltr'><strong>il·</strong></span> 
     </span>
     <span class='ocr_line' id='line_1_14' title="bbox 77 1590 1159 1674; baseline 0.008 -21"><span class='ocrx_word' id='word_1_98' title='bbox 77 1593 113 1669; x_wconf 92' lang='lat' dir='ltr'><strong>lo,</strong></span> <span class='ocrx_word' id='word_1_99' title='bbox 132 1592 230 1674; x_wconf 90' lang='lat' dir='ltr'><strong>puella</strong></span> <span class='ocrx_word' id='word_1_100' title='bbox 251 1615 308 1654; x_wconf 90' lang='lat' dir='ltr'><strong>sua</strong></span> <span class='ocrx_word' id='word_1_101' title='bbox 332 1592 489 1655; x_wconf 87' lang='lat' dir='ltr'><strong>tradenda</strong></span> <span class='ocrx_word' id='word_1_102' title='bbox 517 1591 599 1668; x_wconf 85' lang='lat' dir='ltr'><strong>fuit,</strong></span> <span class='ocrx_word' id='word_1_103' title='bbox 626 1590 702 1652; x_wconf 88' lang='lat' dir='ltr'><strong>dedi</strong></span> <span class='ocrx_word' id='word_1_104' title='bbox 731 1591 760 1652; x_wconf 90' lang='lat' dir='ltr'><strong>ei</strong></span> <span class='ocrx_word' id='word_1_105' title='bbox 790 1590 831 1650; x_wconf 87' lang='lat' dir='ltr'><strong>ad</strong></span> <span class='ocrx_word' id='word_1_106' title='bbox 860 1590 929 1674; x_wconf 89' lang='lat' dir='ltr'><strong>ipso</strong></span> <span class='ocrx_word' id='word_1_107' title='bbox 947 1592 1006 1654; x_wconf 92' lang='lat' dir='ltr'><strong>illo</strong></span> <span class='ocrx_word' id='word_1_108' title='bbox 1030 1596 1159 1662; x_wconf 83' lang='lat' dir='ltr'><strong>soledus</strong></span> 
     </span>
     <span class='ocr_line' id='line_1_15' title="bbox 76 1673 1160 1742; baseline 0.007 -8"><span class='ocrx_word' id='word_1_109' title='bbox 76 1684 174 1740; x_wconf 84' lang='lat' dir='ltr'><strong>tantus.</strong></span> <span class='ocrx_word' id='word_1_110' title='bbox 213 1675 354 1737; x_wconf 85' lang='lat' dir='ltr'><strong>Proinde</strong></span> <span class='ocrx_word' id='word_1_111' title='bbox 383 1695 480 1734; x_wconf 89' lang='lat' dir='ltr'><strong>manu</strong></span> <span class='ocrx_word' id='word_1_112' title='bbox 507 1695 564 1734; x_wconf 85' lang='lat' dir='ltr'><strong>sna</strong></span> <span class='ocrx_word' id='word_1_113' title='bbox 591 1673 713 1734; x_wconf 87' lang='lat' dir='ltr'><strong>firmata</strong></span> <span class='ocrx_word' id='word_1_114' title='bbox 744 1681 775 1736; x_wconf 91' lang='lat' dir='ltr'><strong>et</strong></span> <span class='ocrx_word' id='word_1_115' title='bbox 803 1673 964 1734; x_wconf 87' lang='lat' dir='ltr'><strong>bonorum</strong></span> <span class='ocrx_word' id='word_1_116' title='bbox 990 1675 1160 1742; x_wconf 78' lang='lat' dir='ltr'><strong>hominum</strong></span> 
     </span>
     <span class='ocr_line' id='line_1_16' title="bbox 77 1755 1160 1840; baseline 0.006 -25"><span class='ocrx_word' id='word_1_117' title='bbox 77 1757 178 1838; x_wconf 87' lang='lat' dir='ltr'><strong>accepi,</strong></span> <span class='ocrx_word' id='word_1_118' title='bbox 197 1766 232 1817; x_wconf 90' lang='lat' dir='ltr'><strong>ut</strong></span> <span class='ocrx_word' id='word_1_119' title='bbox 251 1770 323 1840; x_wconf 88' lang='lat' dir='ltr'><strong>post</strong></span> <span class='ocrx_word' id='word_1_120' title='bbox 345 1757 433 1818; x_wconf 88' lang='lat' dir='ltr'><strong>hunc</strong></span> <span class='ocrx_word' id='word_1_121' title='bbox 455 1757 541 1818; x_wconf 88' lang='lat' dir='ltr'><strong>diem</strong></span> <span class='ocrx_word' id='word_1_122' title='bbox 559 1777 664 1837; x_wconf 76' lang='lat' dir='ltr'><strong>neque</strong></span> <span class='ocrx_word' id='word_1_123' title='bbox 688 1755 749 1832; x_wconf 93' lang='lat' dir='ltr'><strong>illi,</strong></span> <span class='ocrx_word' id='word_1_124' title='bbox 772 1776 878 1836; x_wconf 87' lang='lat' dir='ltr'><strong>neque</strong></span> <span class='ocrx_word' id='word_1_125' title='bbox 902 1757 1012 1818; x_wconf 89' lang='lat' dir='ltr'><strong>nullus</strong></span> <span class='ocrx_word' id='word_1_126' title='bbox 1033 1759 1072 1821; x_wconf 90' lang='lat' dir='ltr'><strong>de</strong></span> <span class='ocrx_word' id='word_1_127' title='bbox 1097 1760 1160 1823; x_wconf 86' lang='lat' dir='ltr'><strong>he·</strong></span> 
     </span>
     <span class='ocr_line' id='line_1_17' title="bbox 76 1837 1159 1920; baseline 0.005 -22"><span class='ocrx_word' id='word_1_128' title='bbox 76 1838 186 1900; x_wconf 81' lang='lat' dir='ltr'><strong>redibas</strong></span> <span class='ocrx_word' id='word_1_129' title='bbox 209 1841 290 1918; x_wconf 90' lang='lat' dir='ltr'><strong>suis,</strong></span> <span class='ocrx_word' id='word_1_130' title='bbox 327 1841 418 1900; x_wconf 89' lang='lat' dir='ltr'><strong>nulla</strong></span> <span class='ocrx_word' id='word_1_131' title='bbox 449 1840 607 1900; x_wconf 86' lang='lat' dir='ltr'><strong>calumnia</strong></span> <span class='ocrx_word' id='word_1_132' title='bbox 631 1859 691 1899; x_wconf 90' lang='lat' dir='ltr'><strong>nec</strong></span> <span class='ocrx_word' id='word_1_133' title='bbox 722 1837 917 1920; x_wconf 79' lang='lat' dir='ltr'><strong>repetitione</strong></span> <span class='ocrx_word' id='word_1_134' title='bbox 948 1839 1067 1902; x_wconf 87' lang='lat' dir='ltr'><strong>habere</strong></span> <span class='ocrx_word' id='word_1_135' title='bbox 1092 1863 1159 1903; x_wconf 90' lang='lat' dir='ltr'><strong>non</strong></span> 
     </span>
     <span class='ocr_line' id='line_1_18' title="bbox 76 1919 1160 2002; baseline 0.006 -22"><span class='ocrx_word' id='word_1_136' title='bbox 76 1920 176 1997; x_wconf 85' lang='lat' dir='ltr'><strong>debias,</strong></span> <span class='ocrx_word' id='word_1_137' title='bbox 197 1923 263 2000; x_wconf 91' lang='lat' dir='ltr'><strong>sed,</strong></span> <span class='ocrx_word' id='word_1_138' title='bbox 287 1922 373 1984; x_wconf 86' lang='lat' dir='ltr'><strong>sicut</strong></span> <span class='ocrx_word' id='word_1_139' title='bbox 394 1923 479 1998; x_wconf 81' lang='lat' dir='ltr'><strong>dixi,</strong></span> <span class='ocrx_word' id='word_1_140' title='bbox 505 1921 627 1983; x_wconf 88' lang='lat' dir='ltr'><strong>dehac</strong></span> <span class='ocrx_word' id='word_1_141' title='bbox 652 1940 748 1982; x_wconf 83' lang='lat' dir='ltr'><strong>eausa</strong></span> <span class='ocrx_word' id='word_1_142' title='bbox 776 1919 906 2002; x_wconf 84' lang='lat' dir='ltr'><strong>quietus</strong></span> <span class='ocrx_word' id='word_1_143' title='bbox 934 1921 1077 1990; x_wconf 82' lang='lat' dir='ltr'><strong>residias.</strong></span> <span class='ocrx_word' id='word_1_144' title='bbox 1118 1925 1160 1988; x_wconf 87' lang='lat' dir='ltr'><strong>Et</strong></span> 
     </span>
     <span class='ocr_line' id='line_1_19' title="bbox 76 2003 535 2088; baseline 0.002 -23"><span class='ocrx_word' id='word_1_145' title='bbox 76 2003 203 2065; x_wconf 86' lang='lat' dir='ltr'><strong>siluerit</strong></span> <span class='ocrx_word' id='word_1_146' title='bbox 222 2013 279 2064; x_wconf 89' lang='lat' dir='ltr'><strong>aut</strong></span> <span class='ocrx_word' id='word_1_147' title='bbox 299 2026 360 2088; x_wconf 79' lang='lat' dir='ltr'><strong>ego</strong></span> <span class='ocrx_word' id='word_1_148' title='bbox 380 2003 452 2088; x_wconf 88' lang='lat' dir='ltr'><strong>ipsi,</strong></span> <span class='ocrx_word' id='word_1_149' title='bbox 474 2013 535 2066; x_wconf 87' lang='lat' dir='ltr'><strong>etc.</strong></span> 
     </span>
    </p>
   </div>
   <div class='ocr_carea' id='block_1_7' title="bbox 142 2131 1161 2331">
    <p class='ocr_par' dir='ltr' id='par_1_7' title="bbox 142 2131 1161 2331">
     <span class='ocr_line' id='line_1_20' title="bbox 218 2131 988 2220; baseline -0.004 -24"><span class='ocrx_word' id='word_1_150' title='bbox 218 2135 338 2220; x_wconf 81' lang='lat' dir='ltr'><strong>Incipit</strong></span> <span class='ocrx_word' id='word_1_151' title='bbox 357 2135 475 2196; x_wconf 80' lang='lat' dir='ltr'><strong>notitia·</strong></span> <span class='ocrx_word' id='word_1_152' title='bbox 491 2131 547 2210; x_wconf 81' lang='lat' dir='ltr'><strong>(dc</strong></span> <span class='ocrx_word' id='word_1_153' title='bbox 567 2131 765 2194; x_wconf 85' lang='lat' dir='ltr'><strong>matrimonio</strong></span> <span class='ocrx_word' id='word_1_154' title='bbox 786 2151 947 2195; x_wconf 82' lang='lat' dir='ltr'><strong>servornm</strong></span> <span class='ocrx_word' id='word_1_155' title='bbox 959 2140 988 2214; x_wconf 84' lang='grc'><strong>).·</strong></span> 
     </span>
     <span class='ocr_line' id='line_1_21' title="bbox 142 2247 1161 2331; baseline -0.004 -21"><span class='ocrx_word' id='word_1_156' title='bbox 142 2248 252 2318; x_wconf 83' lang='lat' dir='ltr'><strong>XLIV.</strong></span> <span class='ocrx_word' id='word_1_157' title='bbox 294 2251 416 2312; x_wconf 86' lang='lat' dir='ltr'><strong>Notitia</strong></span> <span class='ocrx_word' id='word_1_158' title='bbox 443 2250 582 2331; x_wconf 84' lang='lat' dir='ltr'><strong>qualiter</strong></span> <span class='ocrx_word' id='word_1_159' title='bbox 608 2248 659 2309; x_wconf 92' lang='lat' dir='ltr'><strong>illi</strong></span> <span class='ocrx_word' id='word_1_160' title='bbox 687 2257 720 2310; x_wconf 88' lang='lat' dir='ltr'><strong>et</strong></span> <span class='ocrx_word' id='word_1_161' title='bbox 746 2247 805 2309; x_wconf 91' lang='lat' dir='ltr'><strong>illi.</strong></span> <span class='ocrx_word' id='word_1_162' title='bbox 853 2249 925 2310; x_wconf 86' lang='lat' dir='ltr'><strong>Non</strong></span> <span class='ocrx_word' id='word_1_163' title='bbox 950 2248 1081 2313; x_wconf 86' lang='lat' dir='ltr'><strong>habitur</strong></span> <span class='ocrx_word' id='word_1_164' title='bbox 1106 2250 1161 2314; x_wconf 87' lang='lat' dir='ltr'><strong>in.</strong></span> 
     </span>
    </p>
   </div>
   <div class='ocr_carea' id='block_1_8' title="bbox 34 2330 1161 3650">
    <p class='ocr_par' dir='ltr' id='par_1_8' title="bbox 34 2330 1161 3650">
     <span class='ocr_line' id='line_1_22' title="bbox 75 2330 1161 2414; baseline 0.004 -22"><span class='ocrx_word' id='word_1_165' title='bbox 75 2332 229 2413; x_wconf 77' lang='lat' dir='ltr'><strong>cognitum,</strong></span> <span class='ocrx_word' id='word_1_166' title='bbox 251 2333 393 2414; x_wconf 81' lang='lat' dir='ltr'><strong>qualiter</strong></span> <span class='ocrx_word' id='word_1_167' title='bbox 412 2354 523 2394; x_wconf 84' lang='lat' dir='ltr'><strong>servus</strong></span> <span class='ocrx_word' id='word_1_168' title='bbox 547 2353 664 2392; x_wconf 90' lang='lat' dir='ltr'><strong>nomen</strong></span> <span class='ocrx_word' id='word_1_169' title='bbox 689 2330 757 2408; x_wconf 90' lang='lat' dir='ltr'><strong>illi,</strong></span> <span class='ocrx_word' id='word_1_170' title='bbox 780 2331 899 2392; x_wconf 84' lang='lat' dir='ltr'><strong>ancilla</strong></span> <span class='ocrx_word' id='word_1_171' title='bbox 924 2333 964 2394; x_wconf 88' lang='lat' dir='ltr'><strong>ad</strong></span> <span class='ocrx_word' id='word_1_172' title='bbox 992 2332 1068 2411; x_wconf 92' lang='lat' dir='ltr'><strong>illo,</strong></span> <span class='ocrx_word' id='word_1_173' title='bbox 1097 2355 1161 2396; x_wconf 86' lang='lat' dir='ltr'><strong>no-</strong></span> 
     </span>
     <span class='ocr_line' id='line_1_23' title="bbox 74 2413 1158 2496; baseline 0.006 -23"><span class='ocrx_word' id='word_1_174' title='bbox 74 2435 134 2474; x_wconf 88' lang='lat' dir='ltr'><strong>men</strong></span> <span class='ocrx_word' id='word_1_175' title='bbox 156 2416 220 2494; x_wconf 89' lang='lat' dir='ltr'><strong>illa,</strong></span> <span class='ocrx_word' id='word_1_176' title='bbox 247 2425 340 2477; x_wconf 79' lang='lat' dir='ltr'><strong>extra</strong></span> <span class='ocrx_word' id='word_1_177' title='bbox 362 2415 561 2478; x_wconf 84' lang='lat' dir='ltr'><strong>voluntatem</strong></span> <span class='ocrx_word' id='word_1_178' title='bbox 577 2415 617 2474; x_wconf 81' lang='lat' dir='ltr'><strong>ad</strong></span> <span class='ocrx_word' id='word_1_179' title='bbox 633 2413 820 2496; x_wconf 80' lang='lat' dir='ltr'><strong>coniugium</strong></span> <span class='ocrx_word' id='word_1_180' title='bbox 847 2436 880 2476; x_wconf 91' lang='lat' dir='ltr'><strong>se</strong></span> <span class='ocrx_word' id='word_1_181' title='bbox 898 2415 1158 2480; x_wconf 75' lang='lat' dir='ltr'><strong>coniunxerunta</strong></span> 
     </span>
     <span class='ocr_line' id='line_1_24' title="bbox 74 2497 1159 2582; baseline 0.004 -26"><span class='ocrx_word' id='word_1_182' title='bbox 74 2497 119 2557; x_wconf 87' lang='lat' dir='ltr'><strong>sed</strong></span> <span class='ocrx_word' id='word_1_183' title='bbox 139 2499 228 2558; x_wconf 88' lang='lat' dir='ltr'><strong>modo</strong></span> <span class='ocrx_word' id='word_1_184' title='bbox 258 2520 319 2559; x_wconf 90' lang='lat' dir='ltr'><strong>nos</strong></span> <span class='ocrx_word' id='word_1_185' title='bbox 343 2520 408 2559; x_wconf 88' lang='lat' dir='ltr'><strong>una</strong></span> <span class='ocrx_word' id='word_1_186' title='bbox 435 2498 523 2580; x_wconf 82' lang='lat' dir='ltr'><strong>pacis</strong></span> <span class='ocrx_word' id='word_1_187' title='bbox 546 2497 718 2558; x_wconf 88' lang='lat' dir='ltr'><strong>concordia</strong></span> <span class='ocrx_word' id='word_1_188' title='bbox 741 2497 914 2576; x_wconf 84' lang='lat' dir='ltr'><strong>convenit,</strong></span> <span class='ocrx_word' id='word_1_189' title='bbox 935 2507 972 2558; x_wconf 87' lang='lat' dir='ltr'><strong>ut</strong></span> <span class='ocrx_word' id='word_1_190' title='bbox 992 2499 1032 2562; x_wconf 90' lang='lat' dir='ltr'><strong>de</strong></span> <span class='ocrx_word' id='word_1_191' title='bbox 1058 2521 1159 2582; x_wconf 82' lang='lat' dir='ltr'><strong>agna-</strong></span> 
     </span>
     <span class='ocr_line' id='line_1_25' title="bbox 73 2578 1160 2663; baseline 0.006 -25"><span class='ocrx_word' id='word_1_192' title='bbox 73 2579 146 2640; x_wconf 83' lang='lat' dir='ltr'><strong>tione</strong></span> <span class='ocrx_word' id='word_1_193' title='bbox 168 2581 283 2662; x_wconf 91' lang='lat' dir='ltr'><strong>quide</strong></span> <span class='ocrx_word' id='word_1_194' title='bbox 308 2581 384 2663; x_wconf 87' lang='lat' dir='ltr'><strong>ipsis</strong></span> <span class='ocrx_word' id='word_1_195' title='bbox 409 2580 568 2663; x_wconf 87' lang='lat' dir='ltr'><strong>procreati</strong></span> <span class='ocrx_word' id='word_1_196' title='bbox 587 2579 721 2656; x_wconf 88' lang='lat' dir='ltr'><strong>fuerint,</strong></span> <span class='ocrx_word' id='word_1_197' title='bbox 736 2578 786 2638; x_wconf 90' lang='lat' dir='ltr'><strong>illi</strong></span> <span class='ocrx_word' id='word_1_198' title='bbox 805 2580 845 2638; x_wconf 89' lang='lat' dir='ltr'><strong>ad</strong></span> <span class='ocrx_word' id='word_1_199' title='bbox 865 2581 983 2641; x_wconf 88' lang='lat' dir='ltr'><strong>ancilla</strong></span> <span class='ocrx_word' id='word_1_200' title='bbox 1001 2603 1058 2643; x_wconf 88' lang='lat' dir='ltr'><strong>sua</strong></span> <span class='ocrx_word' id='word_1_201' title='bbox 1080 2584 1160 2645; x_wconf 84' lang='lat' dir='ltr'><strong>duas</strong></span> 
     </span>
     <span class='ocr_line' id='line_1_26' title="bbox 34 2657 1158 2746; baseline 0.007 -28"><span class='ocrx_word' id='word_1_202' title='bbox 34 2657 37 2664; x_wconf 83' lang='grc'><strong><em>’</em></strong></span> <span class='ocrx_word' id='word_1_203' title='bbox 73 2671 160 2741; x_wconf 83' lang='lat' dir='ltr'><strong>partes</strong></span> <span class='ocrx_word' id='word_1_204' title='bbox 177 2663 322 2744; x_wconf 86' lang='lat' dir='ltr'><strong>recipiat,</strong></span> <span class='ocrx_word' id='word_1_205' title='bbox 349 2685 409 2746; x_wconf 81' lang='lat' dir='ltr'><strong>ego</strong></span> <span class='ocrx_word' id='word_1_206' title='bbox 438 2673 469 2722; x_wconf 87' lang='lat' dir='ltr'><strong>et</strong></span> <span class='ocrx_word' id='word_1_207' title='bbox 490 2663 539 2722; x_wconf 91' lang='lat' dir='ltr'><strong>illi</strong></span> <span class='ocrx_word' id='word_1_208' title='bbox 562 2663 601 2722; x_wconf 88' lang='lat' dir='ltr'><strong>ad</strong></span> <span class='ocrx_word' id='word_1_209' title='bbox 620 2683 713 2724; x_wconf 83' lang='lat' dir='ltr'><strong>servo</strong></span> <span class='ocrx_word' id='word_1_210' title='bbox 734 2683 791 2724; x_wconf 88' lang='lat' dir='ltr'><strong>suo</strong></span> <span class='ocrx_word' id='word_1_211' title='bbox 811 2661 869 2722; x_wconf 91' lang='lat' dir='ltr'><strong>illo</strong></span> <span class='ocrx_word' id='word_1_212' title='bbox 890 2663 995 2740; x_wconf 86' lang='lat' dir='ltr'><strong>tertio,</strong></span> <span class='ocrx_word' id='word_1_213' title='bbox 1019 2674 1050 2724; x_wconf 89' lang='lat' dir='ltr'><strong>et</strong></span> <span class='ocrx_word' id='word_1_214' title='bbox 1069 2665 1158 2746; x_wconf 90' lang='lat' dir='ltr'><strong>quod</strong></span> 
     </span>
     <span class='ocr_line' id='line_1_27' title="bbox 73 2744 1157 2827; baseline 0.006 -25"><span class='ocrx_word' id='word_1_215' title='bbox 73 2744 123 2824; x_wconf 88' lang='lat' dir='ltr'><strong>ipsi</strong></span> <span class='ocrx_word' id='word_1_216' title='bbox 141 2746 261 2827; x_wconf 87' lang='lat' dir='ltr'><strong>aliquid</strong></span> <span class='ocrx_word' id='word_1_217' title='bbox 283 2755 388 2806; x_wconf 88' lang='lat' dir='ltr'><strong>stante</strong></span> <span class='ocrx_word' id='word_1_218' title='bbox 409 2745 559 2827; x_wconf 81' lang='lat' dir='ltr'><strong>coniugio</strong></span> <span class='ocrx_word' id='word_1_219' title='bbox 579 2753 816 2820; x_wconf 89' lang='lat' dir='ltr'><strong>convenerunt,</strong></span> <span class='ocrx_word' id='word_1_220' title='bbox 842 2745 893 2808; x_wconf 91' lang='lat' dir='ltr'><strong>illi</strong></span> <span class='ocrx_word' id='word_1_221' title='bbox 920 2767 1013 2808; x_wconf 84' lang='lat' dir='ltr'><strong>servo</strong></span> <span class='ocrx_word' id='word_1_222' title='bbox 1033 2767 1091 2806; x_wconf 89' lang='lat' dir='ltr'><strong>suo</strong></span> <span class='ocrx_word' id='word_1_223' title='bbox 1116 2747 1157 2808; x_wconf 89' lang='lat' dir='ltr'><strong>de</strong></span> 
     </span>
     <span class='ocr_line' id='line_1_28' title="bbox 73 2824 1158 2911; baseline 0.003 -27"><span class='ocrx_word' id='word_1_224' title='bbox 73 2824 128 2905; x_wconf 88' lang='lat' dir='ltr'><strong>ipso</strong></span> <span class='ocrx_word' id='word_1_225' title='bbox 145 2829 307 2910; x_wconf 86' lang='lat' dir='ltr'><strong>peculiare</strong></span> <span class='ocrx_word' id='word_1_226' title='bbox 329 2829 407 2888; x_wconf 86' lang='lat' dir='ltr'><strong>duas</strong></span> <span class='ocrx_word' id='word_1_227' title='bbox 429 2837 534 2911; x_wconf 87' lang='lat' dir='ltr'><strong>partes</strong></span> <span class='ocrx_word' id='word_1_228' title='bbox 557 2828 711 2909; x_wconf 87' lang='lat' dir='ltr'><strong>recipiat:</strong></span> <span class='ocrx_word' id='word_1_229' title='bbox 740 2825 888 2888; x_wconf 88' lang='lat' dir='ltr'><strong>similiter</strong></span> <span class='ocrx_word' id='word_1_230' title='bbox 909 2837 940 2888; x_wconf 88' lang='lat' dir='ltr'><strong>et</strong></span> <span class='ocrx_word' id='word_1_231' title='bbox 959 2827 1016 2886; x_wconf 89' lang='lat' dir='ltr'><strong>illa</strong></span> <span class='ocrx_word' id='word_1_232' title='bbox 1041 2829 1081 2887; x_wconf 85' lang='lat' dir='ltr'><strong>nd</strong></span> <span class='ocrx_word' id='word_1_233' title='bbox 1103 2850 1158 2887; x_wconf 87' lang='lat' dir='ltr'><strong>an·</strong></span> 
     </span>
     <span class='ocr_line' id='line_1_29' title="bbox 72 2908 1159 2990; baseline 0.002 -22"><span class='ocrx_word' id='word_1_234' title='bbox 72 2908 135 2968; x_wconf 92' lang='lat' dir='ltr'><strong>cilla</strong></span> <span class='ocrx_word' id='word_1_235' title='bbox 154 2933 207 2971; x_wconf 90' lang='lat' dir='ltr'><strong>sua</strong></span> <span class='ocrx_word' id='word_1_236' title='bbox 229 2913 290 2970; x_wconf 89' lang='lat' dir='ltr'><strong>illu</strong></span> <span class='ocrx_word' id='word_1_237' title='bbox 311 2910 416 2972; x_wconf 89' lang='lat' dir='ltr'><strong>tertia.</strong></span> <span class='ocrx_word' id='word_1_238' title='bbox 457 2909 599 2971; x_wconf 88' lang='lat' dir='ltr'><strong>Proinde</strong></span> <span class='ocrx_word' id='word_1_239' title='bbox 621 2917 658 2969; x_wconf 88' lang='lat' dir='ltr'><strong>ut</strong></span> <span class='ocrx_word' id='word_1_240' title='bbox 678 2908 930 2990; x_wconf 88' lang='lat' dir='ltr'><strong>inpostmodum</strong></span> <span class='ocrx_word' id='word_1_241' title='bbox 953 2909 1043 2968; x_wconf 87' lang='lat' dir='ltr'><strong>nulla</strong></span> <span class='ocrx_word' id='word_1_242' title='bbox 1064 2909 1159 2970; x_wconf 88' lang='lat' dir='ltr'><strong>alter·</strong></span> 
     </span>
     <span class='ocr_line' id='line_1_30' title="bbox 72 2989 1156 3067; baseline 0.005 -20"><span class='ocrx_word' id='word_1_243' title='bbox 72 2991 141 3051; x_wconf 86' lang='lat' dir='ltr'><strong>catio</strong></span> <span class='ocrx_word' id='word_1_244' title='bbox 166 2991 254 3054; x_wconf 90' lang='lat' dir='ltr'><strong>inter</strong></span> <span class='ocrx_word' id='word_1_245' title='bbox 277 3015 335 3053; x_wconf 91' lang='lat' dir='ltr'><strong>uos</strong></span> <span class='ocrx_word' id='word_1_246' title='bbox 360 3014 425 3052; x_wconf 90' lang='lat' dir='ltr'><strong>non</strong></span> <span class='ocrx_word' id='word_1_247' title='bbox 450 2993 563 3054; x_wconf 90' lang='lat' dir='ltr'><strong>debeat</strong></span> <span class='ocrx_word' id='word_1_248' title='bbox 589 3013 676 3067; x_wconf 88' lang='lat' dir='ltr'><strong>esse,</strong></span> <span class='ocrx_word' id='word_1_249' title='bbox 708 3000 744 3050; x_wconf 91' lang='lat' dir='ltr'><strong>ut</strong></span> <span class='ocrx_word' id='word_1_250' title='bbox 767 3012 879 3050; x_wconf 89' lang='lat' dir='ltr'><strong>manns</strong></span> <span class='ocrx_word' id='word_1_251' title='bbox 904 3000 1011 3050; x_wconf 89' lang='lat' dir='ltr'><strong>nostra</strong></span> <span class='ocrx_word' id='word_1_252' title='bbox 1039 2989 1156 3052; x_wconf 81' lang='lat' dir='ltr'><strong>exinde</strong></span> 
     </span>
     <span class='ocr_line' id='line_1_31' title="bbox 71 3070 1157 3156; baseline 0.002 -24"><span class='ocrx_word' id='word_1_253' title='bbox 71 3093 120 3152; x_wconf 87' lang='lat' dir='ltr'><strong>per</strong></span> <span class='ocrx_word' id='word_1_254' title='bbox 144 3074 216 3136; x_wconf 89' lang='lat' dir='ltr'><strong>duas</strong></span> <span class='ocrx_word' id='word_1_255' title='bbox 235 3074 389 3156; x_wconf 86' lang='lat' dir='ltr'><strong>epistolas</strong></span> <span class='ocrx_word' id='word_1_256' title='bbox 412 3097 478 3135; x_wconf 90' lang='lat' dir='ltr'><strong>uno</strong></span> <span class='ocrx_word' id='word_1_257' title='bbox 498 3084 611 3136; x_wconf 87' lang='lat' dir='ltr'><strong>tenore</strong></span> <span class='ocrx_word' id='word_1_258' title='bbox 628 3070 823 3153; x_wconf 89' lang='lat' dir='ltr'><strong>conscriptas</strong></span> <span class='ocrx_word' id='word_1_259' title='bbox 843 3073 949 3133; x_wconf 83' lang='lat' dir='ltr'><strong>facere</strong></span> <span class='ocrx_word' id='word_1_260' title='bbox 965 3072 1157 3134; x_wconf 86' lang='lat' dir='ltr'><strong>deberimus.</strong></span> 
     </span>
     <span class='ocr_line' id='line_1_32' title="bbox 72 3153 1157 3239; baseline 0.002 -26"><span class='ocrx_word' id='word_1_261' title='bbox 72 3156 146 3233; x_wconf 89' lang='lat' dir='ltr'><strong>qnod</strong></span> <span class='ocrx_word' id='word_1_262' title='bbox 162 3157 204 3216; x_wconf 88' lang='lat' dir='ltr'><strong>ita</strong></span> <span class='ocrx_word' id='word_1_263' title='bbox 228 3167 265 3218; x_wconf 88' lang='lat' dir='ltr'><strong>et</strong></span> <span class='ocrx_word' id='word_1_264' title='bbox 286 3157 439 3236; x_wconf 85' lang='lat' dir='ltr'><strong>fecimus,</strong></span> <span class='ocrx_word' id='word_1_265' title='bbox 471 3165 503 3217; x_wconf 89' lang='lat' dir='ltr'><strong>et</strong></span> <span class='ocrx_word' id='word_1_266' title='bbox 525 3178 583 3239; x_wconf 88' lang='lat' dir='ltr'><strong>pro</strong></span> <span class='ocrx_word' id='word_1_267' title='bbox 609 3156 657 3217; x_wconf 89' lang='lat' dir='ltr'><strong>rei</strong></span> <span class='ocrx_word' id='word_1_268' title='bbox 680 3153 778 3214; x_wconf 85' lang='lat' dir='ltr'><strong>totius</strong></span> <span class='ocrx_word' id='word_1_269' title='bbox 806 3153 952 3214; x_wconf 84' lang='lat' dir='ltr'><strong>firmitate</strong></span> <span class='ocrx_word' id='word_1_270' title='bbox 977 3154 1072 3214; x_wconf 87' lang='lat' dir='ltr'><strong>modo</strong></span> <span class='ocrx_word' id='word_1_271' title='bbox 1098 3156 1157 3216; x_wconf 89' lang='lat' dir='ltr'><strong>ad-</strong></span> 
     </span>
     <span class='ocr_line' id='line_1_33' title="bbox 73 3235 1157 3322; baseline 0.005 -28"><span class='ocrx_word' id='word_1_272' title='bbox 73 3237 267 3316; x_wconf 84' lang='lat' dir='ltr'><strong>firmavimus,</strong></span> <span class='ocrx_word' id='word_1_273' title='bbox 296 3249 333 3300; x_wconf 86' lang='lat' dir='ltr'><strong>ut</strong></span> <span class='ocrx_word' id='word_1_274' title='bbox 355 3261 416 3300; x_wconf 89' lang='lat' dir='ltr'><strong>nec</strong></span> <span class='ocrx_word' id='word_1_275' title='bbox 442 3262 499 3302; x_wconf 90' lang='lat' dir='ltr'><strong>nos</strong></span> <span class='ocrx_word' id='word_1_276' title='bbox 530 3239 602 3322; x_wconf 89' lang='lat' dir='ltr'><strong>ipsi,</strong></span> <span class='ocrx_word' id='word_1_277' title='bbox 631 3257 690 3297; x_wconf 88' lang='lat' dir='ltr'><strong>nee</strong></span> <span class='ocrx_word' id='word_1_278' title='bbox 720 3235 806 3296; x_wconf 89' lang='lat' dir='ltr'><strong>ullus</strong></span> <span class='ocrx_word' id='word_1_279' title='bbox 836 3236 875 3297; x_wconf 92' lang='lat' dir='ltr'><strong>de</strong></span> <span class='ocrx_word' id='word_1_280' title='bbox 903 3235 1077 3296; x_wconf 85' lang='lat' dir='ltr'><strong>heredibus</strong></span> <span class='ocrx_word' id='word_1_281' title='bbox 1102 3237 1157 3300; x_wconf 82' lang='lat' dir='ltr'><strong>vel</strong></span> 
     </span>
     <span class='ocr_line' id='line_1_34' title="bbox 73 3317 1159 3405; baseline 0.003 -28"><span class='ocrx_word' id='word_1_282' title='bbox 73 3317 105 3378; x_wconf 88' lang='lat' dir='ltr'><strong>de</strong></span> <span class='ocrx_word' id='word_1_283' title='bbox 130 3323 317 3405; x_wconf 90' lang='lat' dir='ltr'><strong>propinquis</strong></span> <span class='ocrx_word' id='word_1_284' title='bbox 347 3323 479 3399; x_wconf 86' lang='lat' dir='ltr'><strong>nostris,</strong></span> <span class='ocrx_word' id='word_1_285' title='bbox 509 3330 564 3381; x_wconf 86' lang='lat' dir='ltr'><strong>aut</strong></span> <span class='ocrx_word' id='word_1_286' title='bbox 589 3320 729 3380; x_wconf 86' lang='lat' dir='ltr'><strong>militans</strong></span> <span class='ocrx_word' id='word_1_287' title='bbox 757 3327 882 3379; x_wconf 81' lang='lat' dir='ltr'><strong>stranea</strong></span> <span class='ocrx_word' id='word_1_288' title='bbox 908 3340 1055 3400; x_wconf 88' lang='lat' dir='ltr'><strong>persona,</strong></span> <span class='ocrx_word' id='word_1_289' title='bbox 1083 3341 1159 3380; x_wconf 90' lang='lat' dir='ltr'><strong>con·</strong></span> 
     </span>
     <span class='ocr_line' id='line_1_35' title="bbox 73 3400 1158 3486; baseline 0 -26"><span class='ocrx_word' id='word_1_290' title='bbox 73 3407 113 3459; x_wconf 84' lang='lat' dir='ltr'><strong>tra</strong></span> <span class='ocrx_word' id='word_1_291' title='bbox 132 3404 207 3485; x_wconf 89' lang='lat' dir='ltr'><strong>ipsas</strong></span> <span class='ocrx_word' id='word_1_292' title='bbox 233 3405 383 3486; x_wconf 87' lang='lat' dir='ltr'><strong>epistolas</strong></span> <span class='ocrx_word' id='word_1_293' title='bbox 407 3404 516 3466; x_wconf 86' lang='lat' dir='ltr'><strong>venire</strong></span> <span class='ocrx_word' id='word_1_294' title='bbox 535 3402 686 3478; x_wconf 74' lang='lat' dir='ltr'><strong>voluerit,</strong></span> <span class='ocrx_word' id='word_1_295' title='bbox 707 3400 746 3460; x_wconf 83' lang='lat' dir='ltr'><strong>ad</strong></span> <span class='ocrx_word' id='word_1_296' title='bbox 773 3400 870 3482; x_wconf 90' lang='lat' dir='ltr'><strong>dupla</strong></span> <span class='ocrx_word' id='word_1_297' title='bbox 890 3403 1029 3480; x_wconf 88' lang='lat' dir='ltr'><strong>pecunia</strong></span> <span class='ocrx_word' id='word_1_298' title='bbox 1050 3412 1158 3462; x_wconf 88' lang='lat' dir='ltr'><strong>tenea·</strong></span> 
     </span>
     <span class='ocr_line' id='line_1_36' title="bbox 73 3483 1156 3568; baseline 0.006 -28"><span class='ocrx_word' id='word_1_299' title='bbox 73 3489 117 3544; x_wconf 82' lang='lat' dir='ltr'><strong>tur</strong></span> <span class='ocrx_word' id='word_1_300' title='bbox 136 3486 306 3558; x_wconf 75' lang='lat' dir='ltr'><strong>obnoxius5</strong></span> <span class='ocrx_word' id='word_1_301' title='bbox 335 3495 367 3547; x_wconf 89' lang='lat' dir='ltr'><strong>et</strong></span> <span class='ocrx_word' id='word_1_302' title='bbox 388 3487 444 3546; x_wconf 85' lang='lat' dir='ltr'><strong>illa</strong></span> <span class='ocrx_word' id='word_1_303' title='bbox 466 3486 578 3568; x_wconf 91' lang='lat' dir='ltr'><strong>petitio</strong></span> <span class='ocrx_word' id='word_1_304' title='bbox 601 3505 666 3544; x_wconf 90' lang='lat' dir='ltr'><strong>non</strong></span> <span class='ocrx_word' id='word_1_305' title='bbox 691 3483 834 3544; x_wconf 89' lang='lat' dir='ltr'><strong>obteniat</strong></span> <span class='ocrx_word' id='word_1_306' title='bbox 855 3486 1019 3562; x_wconf 85' lang='lat' dir='ltr'><strong>effectum,</strong></span> <span class='ocrx_word' id='word_1_307' title='bbox 1042 3495 1074 3545; x_wconf 89' lang='lat' dir='ltr'><strong>et</strong></span> <span class='ocrx_word' id='word_1_308' title='bbox 1099 3485 1156 3547; x_wconf 82' lang='lat' dir='ltr'><strong>has</strong></span> 
     </span>
     <span class='ocr_line' id='line_1_37' title="bbox 73 3566 1075 3650; baseline 0.006 -26"><span class='ocrx_word' id='word_1_309' title='bbox 73 3570 289 3630; x_wconf 82' lang='lat' dir='ltr'><strong>convenentias</strong></span> <span class='ocrx_word' id='word_1_310' title='bbox 309 3569 499 3630; x_wconf 89' lang='lat' dir='ltr'><strong>inconcusso</strong></span> <span class='ocrx_word' id='word_1_311' title='bbox 521 3576 552 3650; x_wconf 74' lang='lat' dir='ltr'><strong>et</strong></span> <span class='ocrx_word' id='word_1_312' title='bbox 579 3566 770 3629; x_wconf 85' lang='lat' dir='ltr'><strong>inconvulso</strong></span> <span class='ocrx_word' id='word_1_313' title='bbox 790 3566 891 3627; x_wconf 89' lang='lat' dir='ltr'><strong>teniat</strong></span> <span class='ocrx_word' id='word_1_314' title='bbox 916 3566 1075 3630; x_wconf 84' lang='lat' dir='ltr'><strong>firmitate.</strong></span> 
     </span>
    </p>
   </div>
   <div class='ocr_carea' id='block_1_9' title="bbox 114 3695 1102 3860">
    <p class='ocr_par' dir='ltr' id='par_1_9' title="bbox 114 3695 1102 3860">
     <span class='ocr_line' id='line_1_38' title="bbox 114 3695 1102 3840; baseline 0.001 -81"><span class='ocrx_word' id='word_1_315' title='bbox 114 3701 227 3785; x_wconf 83' lang='lat' dir='ltr'><strong>Incipit</strong></span> <span class='ocrx_word' id='word_1_316' title='bbox 250 3699 397 3784; x_wconf 79' lang='lat' dir='ltr'><strong>epistolas</strong></span> <span class='ocrx_word' id='word_1_317' title='bbox 418 3701 472 3784; x_wconf 83' lang='lat' dir='ltr'><strong>qni</strong></span> <span class='ocrx_word' id='word_1_318' title='bbox 499 3697 539 3758; x_wconf 86' lang='lat' dir='ltr'><strong>dc</strong></span> <span class='ocrx_word' id='word_1_319' title='bbox 553 3697 731 3840; x_wconf 49' lang='lat' dir='ltr'><strong>‘prepeditus</strong></span> <span class='ocrx_word' id='word_1_320' title='bbox 754 3695 850 3759; x_wconf 80' lang='lat' dir='ltr'><strong>alicui</strong></span> <span class='ocrx_word' id='word_1_321' title='bbox 874 3709 928 3760; x_wconf 85' lang='lat' dir='ltr'><strong>ant</strong></span> <span class='ocrx_word' id='word_1_322' title='bbox 954 3699 1102 3760; x_wconf 82' lang='lat' dir='ltr'><strong>ecclesiae</strong></span> 
     </span>
     <span class='ocr_line' id='line_1_39' title="bbox 577 3794 683 3860; baseline 0 -20"><span class='ocrx_word' id='word_1_323' title='bbox 577 3803 592 3840; x_wconf 89' lang='lat' dir='ltr'><strong>c</strong></span> <span class='ocrx_word' id='word_1_324' title='bbox 606 3794 683 3860; x_wconf 81' lang='lat' dir='ltr'><strong>egat.</strong></span> 
     </span>
    </p>
   </div>
   <div class='ocr_carea' id='block_1_10' title="bbox 73 3893 1160 4311">
    <p class='ocr_par' dir='ltr' id='par_1_10' title="bbox 73 3893 1160 4311">
     <span class='ocr_line' id='line_1_40' title="bbox 141 3893 1158 3978; baseline 0 -21"><span class='ocrx_word' id='word_1_325' title='bbox 141 3893 241 3962; x_wconf 87' lang='lat' dir='ltr'>XLV.</span> <span class='ocrx_word' id='word_1_326' title='bbox 282 3897 353 3958; x_wconf 77' lang='lat' dir='ltr'><strong>Lex</strong></span> <span class='ocrx_word' id='word_1_327' title='bbox 379 3897 521 3960; x_wconf 84' lang='lat' dir='ltr'><strong>Romana</strong></span> <span class='ocrx_word' id='word_1_328' title='bbox 554 3905 586 3956; x_wconf 89' lang='lat' dir='ltr'><strong>ct</strong></span> <span class='ocrx_word' id='word_1_329' title='bbox 610 3894 742 3977; x_wconf 86' lang='lat' dir='ltr'><strong>antiqua</strong></span> <span class='ocrx_word' id='word_1_330' title='bbox 773 3895 970 3958; x_wconf 84' lang='lat' dir='ltr'><strong>consuetudo</strong></span> <span class='ocrx_word' id='word_1_331' title='bbox 999 3895 1158 3978; x_wconf 82' lang='lat' dir='ltr'><strong>exposcit,</strong></span> 
     </span>
     <span class='ocr_line' id='line_1_41' title="bbox 74 3978 1156 4062; baseline 0.006 -28"><span class='ocrx_word' id='word_1_332' title='bbox 74 3982 105 4034; x_wconf 90' lang='lat' dir='ltr'><strong>ut</strong></span> <span class='ocrx_word' id='word_1_333' title='bbox 121 3999 200 4041; x_wconf 85' lang='lat' dir='ltr'><strong>unus</strong></span> <span class='ocrx_word' id='word_1_334' title='bbox 223 3978 295 4062; x_wconf 91' lang='lat' dir='ltr'><strong>quis</strong></span> <span class='ocrx_word' id='word_1_335' title='bbox 317 3979 428 4058; x_wconf 86' lang='lat' dir='ltr'><strong>homo,</strong></span> <span class='ocrx_word' id='word_1_336' title='bbox 454 3981 530 4041; x_wconf 91' lang='lat' dir='ltr'><strong>dum</strong></span> <span class='ocrx_word' id='word_1_337' title='bbox 558 3979 591 4038; x_wconf 90' lang='lat' dir='ltr'><strong>in</strong></span> <span class='ocrx_word' id='word_1_338' title='bbox 620 3999 714 4038; x_wconf 88' lang='lat' dir='ltr'><strong>sunm</strong></span> <span class='ocrx_word' id='word_1_339' title='bbox 739 3979 884 4039; x_wconf 90' lang='lat' dir='ltr'><strong>contenit</strong></span> <span class='ocrx_word' id='word_1_340' title='bbox 911 3979 1092 4057; x_wconf 81' lang='lat' dir='ltr'><strong>arbitrium,</strong></span> <span class='ocrx_word' id='word_1_341' title='bbox 1116 3981 1156 4041; x_wconf 92' lang='lat' dir='ltr'><strong>de</strong></span> 
     </span>
     <span class='ocr_line' id='line_1_42' title="bbox 73 4058 1158 4144; baseline 0.007 -28"><span class='ocrx_word' id='word_1_342' title='bbox 73 4058 156 4119; x_wconf 72' lang='lat' dir='ltr'><strong>relius</strong></span> <span class='ocrx_word' id='word_1_343' title='bbox 180 4061 244 4124; x_wconf 90' lang='lat' dir='ltr'><strong>suis</strong></span> <span class='ocrx_word' id='word_1_344' title='bbox 272 4063 408 4142; x_wconf 79' lang='lat' dir='ltr'><strong>propriis</strong></span> <span class='ocrx_word' id='word_1_345' title='bbox 437 4061 561 4144; x_wconf 85' lang='lat' dir='ltr'><strong>aliquid</strong></span> <span class='ocrx_word' id='word_1_346' title='bbox 587 4082 646 4144; x_wconf 86' lang='lat' dir='ltr'><strong>pro</strong></span> <span class='ocrx_word' id='word_1_347' title='bbox 675 4059 798 4120; x_wconf 86' lang='lat' dir='ltr'><strong>animae</strong></span> <span class='ocrx_word' id='word_1_348' title='bbox 828 4082 903 4122; x_wconf 90' lang='lat' dir='ltr'><strong>suae</strong></span> <span class='ocrx_word' id='word_1_349' title='bbox 940 4063 1158 4144; x_wconf 86' lang='lat' dir='ltr'><strong>conpendium</strong></span> 
     </span>
     <span class='ocr_line' id='line_1_43' title="bbox 75 4137 1159 4224; baseline 0.009 -28"><span class='ocrx_word' id='word_1_350' title='bbox 75 4138 141 4202; x_wconf 86' lang='lat' dir='ltr'><strong>dare</strong></span> <span class='ocrx_word' id='word_1_351' title='bbox 162 4142 312 4222; x_wconf 86' lang='lat' dir='ltr'><strong>decrevit,</strong></span> <span class='ocrx_word' id='word_1_352' title='bbox 329 4145 493 4206; x_wconf 85' lang='lat' dir='ltr'><strong>licentiam</strong></span> <span class='ocrx_word' id='word_1_353' title='bbox 512 4143 637 4220; x_wconf 88' lang='lat' dir='ltr'><strong>habeat,</strong></span> <span class='ocrx_word' id='word_1_354' title='bbox 665 4150 696 4202; x_wconf 88' lang='lat' dir='ltr'><strong>et</strong></span> <span class='ocrx_word' id='word_1_355' title='bbox 712 4142 796 4202; x_wconf 92' lang='lat' dir='ltr'><strong>illud</strong></span> <span class='ocrx_word' id='word_1_356' title='bbox 811 4137 898 4224; x_wconf 90' lang='lat' dir='ltr'><strong>quod</strong></span> <span class='ocrx_word' id='word_1_357' title='bbox 919 4143 959 4201; x_wconf 85' lang='lat' dir='ltr'><strong>ad</strong></span> <span class='ocrx_word' id='word_1_358' title='bbox 980 4145 1050 4205; x_wconf 85' lang='lat' dir='ltr'><strong>loca</strong></span> <span class='ocrx_word' id='word_1_359' title='bbox 1071 4167 1159 4206; x_wconf 88' lang='lat' dir='ltr'><strong>sanc·</strong></span> 
     </span>
     <span class='ocr_line' id='line_1_44' title="bbox 75 4223 1160 4311; baseline 0.003 -25"><span class='ocrx_word' id='word_1_360' title='bbox 75 4228 179 4306; x_wconf 79' lang='lat' dir='ltr'><strong>torum,</strong></span> <span class='ocrx_word' id='word_1_361' title='bbox 196 4225 234 4288; x_wconf 89' lang='lat' dir='ltr'><strong>ad</strong></span> <span class='ocrx_word' id='word_1_362' title='bbox 255 4227 534 4311; x_wconf 77' lang='lat' dir='ltr'><strong>congregationem·</strong></span> <span class='ocrx_word' id='word_1_363' title='bbox 555 4223 784 4288; x_wconf 88' lang='lat' dir='ltr'><strong>monachorum</strong></span> <span class='ocrx_word' id='word_1_364' title='bbox 795 4225 971 4306; x_wconf 85' lang='lat' dir='ltr'><strong>confertur,</strong></span> <span class='ocrx_word' id='word_1_365' title='bbox 985 4247 1160 4311; x_wconf 82' lang='lat' dir='ltr'><strong>numquam</strong></span> 
     </span>
    </p>
   </div>
   <div class='ocr_carea' id='block_1_11' title="bbox 0 0 1342 4976">
    <p class='ocr_par' dir='ltr' id='par_1_11' title="bbox 0 0 1342 4976">
     <span class='ocr_line' id='line_1_45' title="bbox 0 0 1342 4976; baseline 0 1"><span class='ocrx_word' id='word_1_366' title='bbox 0 0 1342 4976; x_wconf 95' lang='lat' dir='ltr'><strong> </strong></span> 
     </span>
    </p>
   </div>
  </div>
 </body>
</html>
