2734 4990
546 315 796 396 maronicum
1150 303 1222 379 403

120 457 267 522 caritatis
297 478 390 516 manu
414 478 526 518 eorum
554 458 607 518 vel
632 458 790 518 bonorum
819 458 986 520 hominum
1014 461 1167 525 firmatam
1193 469 1224 528 ei

120 542 193 603 fieri
217 541 268 601 vel
297 540 497 601 conscribere
527 540 706 616 deberent,
741 542 830 624 quod
859 543 901 600 ita
928 554 960 603 et
992 545 1158 623 fecerunt,
1190 561 1226 612 ut

121 633 195 708 post
220 623 306 684 huno
336 623 421 684 diem
440 631 506 682 'nec
529 623 590 703 ipsi
613 624 674 698 illi,
698 643 758 682 nec
782 624 868 685 ullus
892 624 923 682 in
949 649 1041 686 causa
1070 630 1223 711 ipsorum,

126 728 186 766 nec
208 705 274 766 ulla
300 706 443 786 opposita
471 726 607 786 persona
640 705 679 764 de
706 707 845 785 pracl'ata
874 718 975 768 morte
1005 709 1092 770 illius
1118 733 1225 794 quon.

127 789 205 864 dam,
228 809 285 846 nec
306 789 346 848 de
368 788 437 870 ipso
458 785 644 862 homicidio,
666 807 725 846 nec
747 788 786 847 de
810 787 877 870 ipsa
905 789 1002 850 leude
1027 793 1148 852 nullum
1176 816 1226 856 rc·

38 877 41 882 ‘
127 869 343 930 clamationem
365 892 425 930 nec
448 869 572 928 nullum
596 867 858 949 impedimentum
874 872 1072 949 pontificium
1094 896 1157 934 non
1172 875 1227 936 lna·

126 953 217 1014 beant
243 953 282 1010 ad
306 952 499 1011 faciendum.
543 950 608 1027 Qui
631 949 693 1010 boc
720 954 826 1012 facere
852 956 1008 1027 uoluerit,
1039 954 1123 1036 ipsos
1146 959 1225 1020 soli-

125 1036 178 1094 dos
199 1054 257 1117 per
277 1055 390 1093 manus
413 1033 543 1110 reddat,
578 1042 611 1092 et
634 1032 673 1092 ob
696 1031 758 1094 lioc
788 1034 907 1095 solidos
937 1043 1042 1096 trimos
1065 1057 1126 1098 una
1151 1061 1226 1101 cum

123 1117 194 1177 fisco
225 1115 472 1177 discutientibus
494 1115 611 1176 multae
641 1126 832 1200 componat,
862 1120 969 1202 etqui
997 1119 1116 1202 repetit
1142 1122 1225 1186 nibil

122 1199 292 1262 evindicet.
794 1197 797 1202 '
907 1201 910 1208 '

461 1278 622 1340 Securitas
643 1277 682 1338 dc
704 1277 884 1340 homicidio.

201 1394 298 1458 VIII.
341 1397 422 1456 Cum
444 1394 615 1456 resedisset
642 1394 779 1454 inluster
808 1393 858 1454 vir
887 1395 942 1455 ille
971 1398 1084 1460 Comes
1110 1400 1141 1460 in
1166 1402 1225 1464 illo

122 1479 219 1542 mallo
246 1479 377 1562 publico
399 1478 440 1537 ad
471 1477 696 1536 universorum
721 1498 829 1536 causus
859 1479 1033 1538 audiendas
1062 1481 1113 1542 rel
1136 1496 1225 1548 recta

122 1565 244 1624 iudicia
268 1559 494 1634 terminanda,
526 1559 634 1639 ibique
661 1560 794 1620 veniens
823 1559 920 1618 bomo
949 1561 1064 1640 aliquis
1095 1569 1224 1629 nomine,

122 1647 179 1706 ille
194 1644 359 1726 repetebat
372 1643 414 1717 ei,
429 1641 635 1702 dum-diceret
651 1643 788 1722 eoquod
802 1643 867 1722 ipse
888 1643 944 1701 ille
956 1643 1116 1705 hominem
1130 1670 1225 1710 sunm

123 1727 256 1787 nomine
280 1725 373 1784 illum
393 1723 555 1804 quondam
568 1724 649 1782 bene
670 1724 847 1804 ingenuum
863 1725 895 1784 in
922 1724 974 1784 via
1005 1728 1089 1786 naulo
1109 1730 1224 1792 ordine

124 1812 230 1891 ipsum
251 1806 434 1882 adsalliset,
469 1813 500 1864 et
529 1804 630 1886 ipsum
654 1804 774 1866 ibidem
804 1807 1019 1880 interfecisset
1056 1809 1108 1870 vel
1137 1813 1225 1874 occi-

123 1893 233 1966 disset,
256 1899 288 1950 et
308 1889 404 1948 rauba
425 1909 492 1962 sua,
516 1886 665 1963 caballos,
686 1907 799 1948 aurum
823 1897 856 1948 et
877 1899 1063 1970 argentum,
1093 1901 1126 1953 et
1149 1894 1224 1955 dra·

121 1973 207 2059 palia
228 1969 346 2032 exinde
366 1969 491 2030 tulisset
513 1971 567 2030 vel
590 1969 796 2052 deportasset,
809 1971 861 2032 vel
886 1971 1015 2032 leudem
1037 1982 1148 2034 contra
1164 1975 1225 2040 Le·

122 2071 195 2140 gem
214 2053 259 2114 ibi
277 2053 429 2123 burisset3
464 2054 520 2113 sed
544 2051 611 2133 ipse
641 2051 680 2112 de
701 2052 861 2134 praesenti
889 2053 1226 2136 11111111111111111111,Ι

123 2149 157 2201 et
181 2139 263 2198 hane
284 2157 409 2197 cansam
427 2135 614 2195 nullatenus
635 2135 742 2214 potuit
764 2135 939 2214 denegare;
960 2136 1016 2196 sed
1039 2137 1145 2198 taliter
1159 2143 1222 2201 fuit

117 2223 298 2304 professus,
326 2218 413 2298 quod
432 2217 572 2278 faciente
592 2217 724 2277 inimico
746 2216 849 2300 ipsum
865 2216 1029 2278 bominem
1050 2220 1221 2285 occidisset

119 2303 173 2366 vel
195 2301 420 2370 interfecisset;
447 2301 504 2360 sed
527 2298 633 2359 taliter
651 2300 685 2358 in
711 2299 779 2380 ipso
800 2298 897 2359 mallo
922 2299 1219 2382 uindicaturum,

118 2395 155 2445 ut
179 2381 465 2466 ipsumtliominem
488 2383 541 2443 vel
559 2381 658 2463 ipsam
677 2381 808 2442 leudem
830 2379 953 2462 legibus
977 2383 1095 2444 exinde
1121 2394 1221 2452 trans·

116 2468 243 2530 solvere
265 2466 408 2526 deberet.
463 2465 560 2542 Quod
588 2465 631 2524 ita
656 2474 688 2525 et
709 2461 795 2527 fecit.
837 2464 901 2524 Sed
925 2473 1033 2543 postea
1062 2468 1147 2549 apud
1167 2469 1219 2552 ip·

117 2571 188 2610 sum
215 2548 398 2609 Grafionem
424 2548 478 2606 vel
502 2547 586 2627 apud
614 2547 699 2630 ipsos
718 2547 819 2606 bonos
841 2545 987 2606 homines
1011 2547 1068 2628 qui
1093 2549 1126 2608 in
1150 2549 1220 2632 ipso

117 2633 214 2692 mallo
240 2629 625 2712 resedebantepistolam
651 2628 829 2689 securitatIs
857 2649 954 2687 manu
977 2649 1090 2689 corum
1111 2631 1219 2692 firma·

116 2723 180 2774 tam
208 2713 354 2793 accipere
379 2706 521 2788 deberet,
544 2709 631 2791 quod
653 2711 696 2770 ita
716 2720 749 2770 et
768 2709 856 2784 fecit,
879 2719 916 2769 ut
935 2718 1007 2792 post
1027 2711 1110 2774 hanc
1133 2714 1219 2777 diem

117 2817 177 2856 uec
203 2796 263 2878 ipsi
281 2795 330 2855 illi
352 2816 412 2854 nec
436 2795 523 2854 ullus
548 2795 587 2853 de
608 2791 779 2852 heredibus
801 2794 878 2868 suis,
900 2813 960 2852 nec
983 2793 1070 2856 ullus
1091 2795 1124 2854 in
1147 2818 1221 2858 cau·

118 2897 152 2937 sn
172 2878 313 2960 ipsorum
341 2887 373 2938 et
394 2877 535 2937 hominis
557 2874 719 2935 interfecti
745 2875 927 2955 quondam,
949 2895 1010 2935 nec
1032 2878 1099 2937 ulla
1122 2901 1219 2962 oppo-

118 2952 185 3020 sita¹
203 2979 338 3040 persona
359 2960 398 3018 de
423 2957 583 3041 praesenti
609 2956 660 3016 die
683 2957 722 3016 de
744 2955 811 3038 ipsa
833 2966 934 3016 morte
961 2957 1066 3033 illins,
1097 2978 1158 3022 neo
1178 2962 1219 3024 de

117 3043 189 3122 ipso
215 3041 398 3118 homicidio,
420 3062 480 3102 nec
502 3041 541 3102 de
564 3039 630 3121 ipsa
652 3037 746 3098 leude
767 3047 879 3099 contra
899 3037 1003 3117 ipsum
1025 3040 1118 3098 illum
1142 3044 1219 3102 nul-

116 3123 182 3182 lam
206 3123 464 3184 reclamationem
491 3144 550 3182 nec
578 3121 705 3180 nullum
730 3119 996 3200 impedimentum
1018 3123 1221 3200 pontificium

117 3226 184 3265 non
212 3204 334 3264 lrabeat·
352 3206 392 3265 nd
418 3203 615 3273 faciendum,
645 3202 754 3283 etqui
780 3201 969 3268 hoolfacere
997 3224 1219 3288 praesumpse-

114 3289 169 3363 rit,
193 3287 328 3367 duplum
351 3297 473 3346 tantum
495 3296 651 3370 quantum
671 3285 737 3365 ipsa
766 3282 874 3362 leodis
899 3282 1060 3362 continet,
1084 3296 1117 3348 et
1145 3309 1219 3368 par.

115 3370 203 3430 tibus
225 3369 277 3428 cui
306 3367 386 3427 haec
405 3370 487 3427 facta
511 3378 569 3445 est,
590 3389 655 3426 una
676 3388 750 3425 cum
767 3365 854 3425 socio
878 3365 954 3424 fisco
977 3379 1107 3429 coactus
1133 3371 1220 3432 mul·

115 3460 167 3513 tae
189 3458 375 3533 componat,
406 3459 438 3510 et
460 3449 547 3530 quod
571 3447 691 3532 repetit
707 3446 871 3508 vindicare
894 3467 958 3526 non
981 3450 1095 3512 valeat.

349 3559 487 3627 Donatio
508 3577 600 3638 quam
619 3567 713 3643 pater
724 3553 809 3638 fucit
820 3552 901 3638 filio
922 3576 989 3618 suo.

199 3661 259 3724 IX.
299 3665 493 3726 Dulcissimo
515 3675 609 3744 atque
634 3663 847 3724 amantissimo
877 3663 944 3724 filio
965 3682 1037 3724 meo
1061 3660 1128 3742 illi,
1160 3682 1220 3746 ego

114 3745 150 3804 in
178 3745 239 3806 Dei
266 3749 395 3808 nomine
421 3749 477 3806 ille
503 3748 630 3828 genitor
654 3754 736 3806 tuus.
779 3748 865 3805 Dum
890 3758 922 3807 et
943 3769 1002 3827 ego
1028 3756 1059 3806 te
1082 3747 1221 3807 dulciter·

113 3828 267 3906 enutriri,
290 3840 322 3889 et
341 3839 377 3889 tu
405 3829 484 3888 mihi
508 3830 649 3890 lideliter
667 3828 846 3903 deservisti,
868 3830 920 3890 vel
940 3839 1032 3888 tuum
1053 3829 1223 3889 servitium

112 3909 169 3969 vel
190 3910 450 3972 benevolentiam
477 3911 562 3972 cir'ca
581 3921 702 3994 partem
727 3917 866 3969 nostram
892 3910 1045 3972 babemus
1074 3931 1222 3992 comper·

114 4001 192 4068 tam,
216 3992 290 4054 ideo
315 3998 346 4052 in
379 3994 447 4076 ipso
472 4017 578 4055 amore
606 3992 789 4054 dulcedinis
821 3993 871 4051 vel
894 4001 949 4052 tuo
973 3991 1105 4053 servitio
1132 4013 1221 4052 com·

112 4084 275 4156 ponente,
299 4075 379 4136 dabo
404 4098 478 4156 ergo
503 4077 561 4136 tibi
588 4077 604 4136 d
629 4076 679 4136 die
702 4083 870 4156 praesente
893 4073 980 4154 quod
1006 4075 1039 4142 in
1067 4083 1223 4156 perpetu·

115 4178 171 4214 um
194 4159 269 4226 volo
294 4180 360 4218 esse
385 4181 589 4235 niarisuruin,
610 4158 672 4217 boc
697 4165 755 4230 est,
783 4175 928 4214 mansum
959 4157 998 4222 ad
1021 4177 1225 4216 commanen-

115 4240 195 4302 dum
220 4263 293 4302 cum
318 4241 456 4320 casticia,
482 4239 680 4326 superposita
694 4283 703 4316 ,
732 4237 826 4299 terris
853 4237 1046 4316 arabilibus,
1066 4243 1109 4299 'et
1139 4259 1225 4298 mun·
