2734 4990
514 269 772 325 arnnsnaaoen
1129 259 1201 334 419

85 409 236 474 vitatem
259 407 368 472 Sancti
388 409 491 484 illins,
516 409 569 470 die
594 410 711 483 mensis
739 409 846 488 illins,
875 412 1026 478 exolvere
1052 421 1201 488 lacerem.

85 483 137 554 Et
161 493 193 554 si
218 492 260 554 de
285 492 354 575 ipso
376 512 474 553 ceusu
496 491 606 554 tardus
632 500 687 554 aut
719 491 887 576 negligens
909 504 1131 580 apparuerim,
1164 505 1203 564 fi.

88 573 176 636 dem
200 573 317 634 exinde
334 573 467 652 faciam,
489 582 521 634 et
543 583 656 635 contra
675 574 776 657 ipsam
797 597 900 638 casam
920 579 983 640 Dei
1008 603 1202 668 componere

91 653 247 726 debeam.
287 657 331 716 Et
350 655 397 715 sic
424 655 518 716 nobis
544 657 741 738 complacuit
758 665 853 739 atque
877 662 1033 724 convenit
1061 677 1098 727 ut
1119 665 1203 749 ipsas

91 757 151 799 res
183 757 244 799 nec
262 737 422 816 vendere,
445 759 506 799 nec
533 737 675 816 donare,
704 759 766 799 nec
799 741 1042 825 concambiare,
1077 769 1138 810 nec
1166 751 1201 810 in

85 819 209 880 'ullum
229 818 396 914 quodlibet
415 820 618 902 naufragium
644 823 809 904 imponere
831 821 996 886 licentiam
1015 850 1080 891 nou
1101 830 1202 894 habe.

94 923 162 978 am,
186 901 249 962 nisa
268 909 404 980 tantum,
427 902 504 964 dum
525 902 691 982 advixero,
712 902 828 964 usitare
850 911 882 964 et
893 906 1063 973 meliorare
1079 912 1202 980 faciam.

93 985 140 1048 Et
161 993 237 1065 post
258 1005 365 1047 mcum
384 1004 424 1045 ex
444 984 504 1045 hac
525 983 599 1046 luce
619 983 811 1062 discessum,
843 985 930 1050 filius
956 1009 1047 1056 mons
1073 995 1203 1058 nomine

92 1065 144 1125 ill.
167 1065 204 1125 in
233 1065 301 1148 ipsa
326 1067 470 1148 precaria
494 1065 547 1130 vel
572 1066 607 1126 in
632 1067 701 1149 ipso
722 1087 823 1130 censu
846 1069 970 1154 adstare
998 1074 1122 1138 debeat.
1162 1077 1206 1138 At

90 1155 169 1231 post
196 1146 266 1209 eius
286 1148 459 1210 discessum
482 1149 565 1232 ipsas
589 1169 641 1210 res
666 1170 741 1209 cum
761 1149 849 1210 omni
869 1153 1087 1236 supraposito,
1109 1158 1204 1241 quie.

90 1229 180 1312 quid
206 1229 327 1290 ibidem
358 1231 535 1292 adtractum
565 1231 854 1312 emelioratumque
888 1246 1053 1316 repertum
1083 1239 1203 1330 fuerit,

87 1312 149 1376 vel
177 1312 329 1374 transitus
355 1313 425 1375 eins
450 1313 570 1374 ibidem
595 1311 824 1395 dereliquerit,
852 1312 971 1398 absque
999 1318 1099 1384 ullius
1128 1343 1205 1384 con-

87 1393 292 1456 tradictione
315 1394 367 1457 rel
393 1393 564 1456 iudiciaria
587 1394 830 1478 consignatione
852 1417 1004 1462 revocare
1031 1403 1155 1466 faciatis
1168 1405 1204 1466 iu

86 1485 238 1538 vestrum
267 1475 456 1537 dominium.
497 1478 540 1538 Et
565 1486 601 1537 ut
622 1476 702 1538 haec
719 1475 864 1560 precaria
887 1477 1009 1542 firmior
1035 1483 1204 1566 habeatur,

90 1557 136 1619 de
169 1558 400 1640 quinquennio
422 1559 457 1618 in
485 1557 747 1642 quinquennium
773 1558 814 1620 sit
836 1572 1013 1641 renovata,
1046 1577 1205 1647 quatenus

91 1639 144 1700 sic
167 1659 296 1721 semper
327 1661 515 1722 permanere
537 1641 640 1702 valeat
660 1640 694 1700 in
717 1640 884 1720 effectum,
916 1643 1125 1731 stipulatione
1156 1651 1205 1712 in·

92 1721 264 1805 terposita.
304 1722 429 1783 Actum.
472 1723 515 1782 Et
536 1721 669 1804 reliqua.

422 1850 606 1912 Praestnria
626 1849 670 1910 cd
688 1871 793 1914 casam
813 1853 885 1920 Dei.

184 1961 259 2026 XX.
299 1963 368 2048 Ego
392 1964 425 2024 in
446 1965 509 2026 Dei
529 1963 659 2025 nomine
681 1964 750 2043 ille,
771 1965 860 2027 Abba
886 1967 927 2031 de
952 1972 1147 2038 Monasterio
1168 1977 1206 2038 il·

93 2047 130 2108 lo
153 2045 241 2128 quod
269 2055 318 2108 est
340 2055 562 2109 constructum
589 2046 625 2107 in
655 2045 778 2110 honore
808 2049 918 2112 Sancti
950 2053 1057 2134 illius,
1085 2058 1204 2121 dilecto

93 2129 201 2190 amico
223 2137 332 2190 nostro
362 2129 493 2190 nomine
520 2129 569 2189 ill.
597 2137 632 2190 et
653 2129 748 2192 uxori
774 2151 850 2194 suae
873 2134 1003 2197 nomine
1027 2137 1075 2200 ill.
1117 2142 1203 2202 Dum

94 2220 238 2272 nonest
270 2211 471 2294 incognitum
502 2209 645 2293 qualiter
674 2210 797 2294 aliquas
825 2234 877 2276 res
907 2224 1027 2280 vestras
1058 2222 1091 2283 iu
1121 2243 1203 2305 pago

93 2293 178 2372 illo,
210 2294 244 2352 in
276 2293 348 2354 loco
380 2301 566 2376 nuncupato
592 2291 663 2372 illo,
692 2314 731 2355 su
755 2315 791 2356 er
819 2294 921 2360 fluvio
949 2299 1029 2379 illo,
1057 2302 1121 2364 hoc
1143 2314 1202 2382 est,

92 2396 223 2438 mansos
249 2385 365 2455 tantos,
387 2397 460 2436 cum
481 2375 637 2453 domibus,
660 2317 824 2450 aedibciis,
847 2379 1020 2461 curtiferis,
1043 2407 1116 2446 cum
1136 2409 1204 2448 wa-

95 2457 176 2536 dris‚
199 2455 335 2540 campis,
358 2459 466 2536 terris,
484 2458 599 2541 pratis,
620 2457 759 2540 pascuis,
788 2481 862 2520 cum
883 2462 991 2540 inviis,
1015 2467 1147 2549 perviis,
1171 2478 1205 2530 et

95 2540 267 2624 mancipiis
291 2539 412 2602 ibidem
439 2539 710 2602 commanentibus
728 2539 783 2603 rel
803 2541 1054 2626 adspicientibus
1076 2549 1128 2611 bis
1147 2556 1203 2611 n'o·

94 2622 239 2684 minibus
262 2622 310 2688 ill.
336 2630 369 2683 et
396 2623 444 2688 ill.
466 2622 520 2683 vel
551 2631 800 2705 quantacunque
832 2625 867 2686 in
898 2627 968 2709 ipso
996 2629 1070 2691 loco
1098 2642 1203 2694 vestra

94 2702 159 2764 fuit
179 2704 336 2788 possessio
357 2705 409 2768 vel
428 2704 614 2783 dominatio,
636 2705 729 2766 uobis
748 2704 789 2765 ad
810 2706 875 2769 iam
896 2709 1018 2772 dictum
1037 2714 1203 2776 Monaste-

96 2786 183 2847 rium
219 2787 259 2848 ad
294 2808 375 2870 opus
409 2787 518 2848 Sancti
550 2785 600 2846 ill.
636 2786 814 2849 tradidistis
851 2799 947 2873 atque
981 2795 1202 2862 confirmastis.

96 2867 164 2928 Sed
187 2879 296 2953 postea
315 2876 419 2930 vestra
443 2866 650 2951 fuitpetitio,
679 2879 713 2931 et
731 2879 841 2932 nostra
863 2894 929 2933 nou
953 2875 1126 2959 denegavit
1148 2901 1202 2940 vo-

97 2948 206 3011 luntas
219 2994 229 3027 ,
262 2960 300 3010 nt
322 2949 403 3034 ipsas
431 2971 500 3029 res,
528 2952 604 3012 dum
627 2949 829 3030 advixeritis,
861 2956 1101 3020 usufructuario
1130 2960 1201 3021 inre

95 3030 361 3126 praestitissemus
381 3032 421 3094 ad
444 3031 573 3098 babere.
613 3034 710 3112 Quod
735 3033 779 3092 ita
810 3034 843 3094 et
864 3035 1010 3098 fecimus.
1070 3039 1116 3102 Et
1142 3061 1202 3124 pro

94 3133 167 3196 apso
196 3135 258 3186 usu
281 3114 426 3178 censistis
452 3115 543 3178 nobis
569 3115 706 3198 siugulis
728 3113 822 3175 annis
843 3113 992 3180 denarios
1018 3128 1142 3200 tantos,
1165 3131 1204 3184 ut

93 3194 180 3278 ipsos
203 3197 244 3258 ad
266 3197 469 3260 festivitatem
492 3197 603 3258 Sancti
622 3197 673 3264 ill.
695 3196 747 3257 die
771 3197 890 3258 mensis
913 3196 961 3258 ill.
984 3202 1136 3264 exolvere
1152 3204 1203 3264 la·

93 3280 197 3345 cistis.
237 3279 281 3340 Et
299 3279 327 3342 si
351 3278 390 3341 de
416 3279 484 3363 ipso
509 3301 609 3344 censu
626 3278 709 3341 tardi
735 3287 789 3338 aut
817 3279 1019 3364 negligentes
1044 3305 1202 3380 apparue-

91 3360 177 3441 ritis,
196 3361 294 3424 fidem
315 3361 433 3423 exinde
455 3361 593 3437 faciatis,
615 3369 647 3423 et
668 3369 779 3422 contra
795 3360 895 3444 ipsam
914 3385 1019 3425 casam
1033 3367 1096 3428 Der
1117 3385 1202 3430 com·

91 3464 217 3527 ponere
241 3445 395 3511 debeatis.
434 3445 477 3506 Et
499 3443 546 3506 sic
578 3443 670 3505 nobis
697 3443 890 3527 complacuit
913 3455 1011 3530 atquc
1032 3439 1200 3528 cdovenst,

91 3533 132 3585 ut
158 3525 240 3610 ipsas
266 3548 317 3589 res
345 3548 408 3589 nec
432 3527 594 3603 vendere,
621 3547 681 3587 nac
708 3525 848 3606 donare,
871 3548 933 3589 nec
961 3529 1116 3610 alienare,
1139 3554 1201 3596 nec

91 3607 339 3688 concambiare,
368 3630 430 3671 nec
461 3608 496 3668 in
524 3608 630 3668 ullum
653 3608 821 3690 quodlibet
848 3613 1052 3707 naufragium
1077 3636 1200 3697 ponere

91 3689 261 3752 licentiam
283 3711 350 3752 non
372 3690 532 3762 babeatis3
556 3690 618 3752 nisi
640 3699 782 3771 tautum,
806 3690 884 3753 dum
906 3694 1110 3775 advixeritis,
1133 3698 1202 3758 nsi-

88 3780 162 3834 tare
187 3782 220 3834 et
242 3774 413 3835 meliorare
440 3773 586 3846 faciatis;
617 3779 744 3856 etpost
769 3782 914 3836 restrum
940 3776 1107 3840 amborum
1135 3779 1202 3840 dis-

89 3875 218 3916 cessum
231 3855 313 3938 ipsas
328 3877 381 3918 res
402 3851 601 3920 emelioratae
623 3856 741 3936 absque
763 3856 861 3916 ullius
877 3858 1131 3922 contradictione
1148 3862 1200 3922 vel

89 3936 264 3999 iudiciaria
281 3937 493 4022 assignatione
519 3958 672 4004 revocare
693 3937 846 3998 faciamus
866 3937 901 3998 in
929 3948 1076 4000 nostrum
1097 3943 1202 4002 domi-

90 4018 195 4081 nium.
236 4019 279 4084 Et
301 4019 383 4084 haec
406 4020 580 4105 praestaria
597 4020 639 4081 de
664 4019 891 4102 quinquennio
913 4020 947 4080 in
974 4021 1204 4104 quinquenni·

91 4123 147 4162 um
166 4103 208 4166 sit
232 4113 397 4183 renovata,
429 4111 602 4186 quatenus
609 4123 799 4186 permanere
826 4102 931 4165 valeat
960 4102 995 4164 iu
1023 4103 1201 4180 effectum,
