2684 4990
485 270 619 330 uaeas»
631 271 678 330 ar
697 269 862 330 srxrurx
1152 261 1227 335 rra

117 417 151 472 dt
163 422 260 470 ‘autern
279 413 383 468 occisor
400 413 557 477 satagerit,
578 421 606 467 et
625 413 684 484 capi
703 426 758 466 non
776 407 883 482 potest,
903 412 1036 486 quicquid
1064 409 1166 480 habet,
1193 419 1234 475 ad

119 489 229 544 Fironm
247 487 400 552 redigatur,
421 492 448 538 et
465 483 581 552 proairni
600 483 676 544 eius,
696 483 717 533 si
740 481 926 552 'inculpabiles
950 493 1032 549 sunt,
1057 486 1162 546 firmam
1183 493 1231 556 prt-

121 571 181 610 aem
200 555 336 610 habeant:
355 555 376 606 si
395 561 485 616 autem
512 551 650 612 homicida
678 570 734 604 non
761 554 921 618 antisigma,
950 556 997 608 sed
1023 572 1085 615 eum
1108 557 1232 626 proximo

120 628 206 680 oeeisi
224 643 302 681 suam
321 623 506 680 Innocentiam
525 639 574 692 per
591 622 714 678 duellum
734 621 880 677 defendere
906 623 1039 687 voluerit,
1065 635 1095 678 et
1118 627 1231 688 vicerit,

121 697 314 762 Wercgeldmn
331 693 443 755 reddat,
465 701 492 746 et
511 709 571 746 eum
591 693 717 762 proximis
734 709 831 762 pacem
849 693 946 745 faciat:
973 697 995 746 si
1021 703 1112 746 autem
1137 697 1232 748 nullus

121 769 304 838 panximorum
323 763 405 820 occisi
424 779 487 814 eum
505 763 624 820 occisore
641 759 913 832 pugnarevuluerit,
932 765 989 832 ipse
1008 782 1037 815 se
1055 764 1184 824 bullienti
1202 783 1234 816 a·

118 855 179 909 ¹<goa
198 839 321 889 adversus
340 833 502 902 Episcopum
521 842 669 902 expurget,
691 842 718 884 et
735 833 928 898 weregeldum
944 834 1051 897 reddat,
1081 847 1109 888 et
1135 852 1233 906 pacem

118 901 186 960 ‘cum
204 905 329 976 proximis
347 903 446 964 saciat,
468 912 496 955 et
513 902 563 972 ipsi
581 911 714 976 ¹,cogantur
732 911 763 952 ut
781 903 924 976 accipiant.
961 904 983 955 si
1009 913 1101 955 autem
1125 915 1235 974 propter

122 971 245 1029 timorem
263 975 338 1026 istius
358 971 560 1026 constitutionis
577 973 683 1026 vadunt
700 971 735 1022 ad
747 973 867 1025 'alienant
876 973 1015 1026 Familiam
1036 984 1064 1026 et
1081 975 1235 1038 incendunt

125 1063 184 1097 eam
203 1053 295 1097 contra
312 1044 433 1114 proprios
453 1043 610 1106 consocios,
633 1051 661 1093 et
679 1042 701 1092 si
718 1051 779 1092 non·
801 1052 842 1095 est
869 1043 966 1111 aliquis
992 1044 1040 1116 qui
1065 1054 1159 1096 contra
1185 1045 1236 1094 ali·

124 1132 204 1186 quem
221 1115 331 1166 illorum
350 1113 445 1165 duello
464 1127 583 1180 pugnare
603 1113 719 1172 audeat,
739 1111 837 1178 singuli
856 1111 984 1164 bullienti
1010 1131 1082 1184 aqua
1107 1115 1234 1167 adversus

123 1185 283 1254 Episcopum
303 1201 331 1234 se
350 1191 517 1252 expurgent,
535 1191 565 1234 et
582 1183 604 1233 si
623 1183 682 1250 quis
700 1179 789 1233 victus
807 1181 889 1234 fuerit
907 1199 938 1232 ea
956 1183 1074 1252 patiatur
1099 1196 1171 1254 quae
1189 1199 1235 1234 arr-

117 1255 268 1326 pcrscripta
286 1261 357 1303 sunt.
394 1252 416 1302 si
436 1253 496 1320 quis
515 1259 605 1304 autent
626 1268 659 1304 ex
677 1250 791 1302 Familia
808 1253 837 1302 in
856 1251 973 1304 Ciuitate
991 1254 1050 1304 sine
1074 1254 1235 1322 supradictis

58 1355 60 1362 ·
121 1322 332 1377 necessitatibus
351 1321 470 1390 aliquem
491 1339 524 1374 ex
543 1321 646 1372 familia
664 1320 848 1383 interfecerit,
868 1321 976 1372 Corium
997 1330 1025 1374 et
1042 1323 1157 1391 capillos
1175 1339 1236 1394 per·-

123 1396 186 1457 dat,
209 1402 236 1446 et
255 1391 469 1445 combustionem
488 1393 669 1461 suprascripto
688 1406 761 1442 more
780 1391 916 1461 patiatur,
938 1401 967 1450 et
984 1389 1104 1444 bannum
1132 1395 1236 1464 persol-

121 1473 169 1519 vat
189 1471 216 1514 et
234 1461 412 1528 weregeldum
431 1460 544 1522 reddat,
565 1471 593 1513 et
611 1477 708 1530 pacem
729 1475 790 1512 cunr
809 1460 937 1530 proximis
955 1461 1047 1524 iaciat,
1068 1471 1095 1514 et
1111 1463 1154 1514 illi
1170 1467 1237 1516 com

124 1533 288 1598 stringantur
307 1540 339 1584 ut
356 1531 500 1602 accipiant.
538 1530 561 1583 si
579 1540 671 1592 antem
690 1529 790 1600 aliquis
809 1531 843 1596 de
866 1531 958 1582 aliena
981 1533 1098 1600 Familia
1127 1535 1238 1588 Terram

124 1602 211 1664 sancti
230 1603 301 1653 Petri
320 1602 410 1660 colat,
432 1610 460 1653 et
478 1601 534 1653 tale
551 1611 753 1670 praesumptum
771 1599 883 1662 iecerit,
902 1601 931 1652 id
950 1611 1006 1653 est:
1026 1604 1046 1654 si
1065 1603 1184 1672 aliquem
1202 1621 1238 1664 ea

124 1681 216 1728 nostra
235 1664 348 1723 Familia
365 1671 607 1725 sinemccessitate
624 1672 677 1726 iarn
696 1671 876 1740 suprascripta
901 1672 1084 1736 interfecerit,
1112 1682 1160 1726 aut
1187 1674 1238 1736 ista

125 1762 203 1812 supra
222 1751 369 1794 memorata
387 1743 515 1812 patiatur,
536 1750 589 1792 aut¹
600 1750 718 1796 nostram
736 1742 842 1810 perdat,
869 1751 896 1794 et
914 1743 1046 1806 Familiae
1066 1752 1093 1795 et
1111 1743 1236 1806 advocati

124 1813 234 1864 insidias
253 1811 409 1864 lrabeat:·si
429 1821 519 1862 aurem
538 1819 630 1864 noster
648 1812 778 1880 servitori,
797 1811 844 1881 qui
862 1812 891 1863 in
905 1821 1005 1883 nostra
1019 1814 1101 1865 Curte
1121 1821 1170 1875 cst,
1187 1823 1239 1874 ,aut

124 1893 216 1935 noster
233 1882 430 1944 mirfisterialis,
449 1881 516 1932 talia
535 1882 635 1950 audeat
653 1899 840 1952 praesumere;
862 1881 1003 1935 volumnae
1028 1890 1060 1934 ut
1086 1881 1139 1934 hoc
1158 1883 1193 1936 sit
1209 1871 1239 1936 iia

125 1961 216 2004 nostra
233 1960 385 2020 potestate,
407 1961 434 2018 et
451 1951 565 2006 consilio
583 1961 735 2006 nostrorum
753 1952 909 2018 Fideliurn,
938 1952 1056 2024 qualiter
1081 1951 1144 2004 talis
1161 1971 1239 2028 prae-

125 2021 243 2092 sumptio
260 2022 421 2074 vindicetur.
897 2023 900 2030 “
1219 2029 1221 2032 ’

195 2117 292 2169 XXXI.
331 2117 442 2188 Siquis
465 2136 500 2182 ex
518 2118 633 2170 Familia
653 2119 824 2172 contenderit
852 2133 913 2170 cum
938 2118 1012 2171 socio
1036 2135 1084 2170 suo
1110 2118 1145 2170 de
1172 2135 1240 2184 una·

126 2187 251 2260 qualibet
268 2205 312 2249 re,
332 2187 387 2238 sive
407 2190 441 2242 de
459 2188 543 2254 agris,
563 2189 618 2242 sive
637 2188 671 2240 de
689 2189 792 2250 vineis,
819 2191 875 2242 sive
893 2188 927 2239 de
945 2187 1104 2256 mancipiis,
1131 2188 1187 2242 sive
1206 2187 1240 2241 de

125 2258 258 2328 pecunia;
279 2258 300 2308 si
318 2267 408 2324 potest
426 2277 460 2310 ex
479 2267 594 2327 utraque
612 2267 689 2330 parte
709 2275 770 2309 curn
789 2257 951 2310 testimoniis
977 2266 1152 2330 utrorumque
1181 2259 1240 2328 sine

127 2329 279 2378 iuramento
298 2327 430 2389 discerni,
449 2327 605 2380 laudamus:
625 2329 665 2379 sin
685 2336 795 2391 utitem,
815 2336 848 2380 ut
867 2327 1021 2381 devitentur
1038 2327 1174 2398 periuria,
1193 2325 1242 2381 vo-

124 2397 233 2448 lumus:
254 2406 284 2448 nt
304 2414 337 2447 ex
355 2407 470 2469 utraque
498 2407 575 2468 parte
601 2399 780 2451 ostendantur
804 2399 914 2450 iliorum
944 2399 1117 2461 testimonia,
1148 2407 1175 2451 et
1201 2399 1241 2466 ita

127 2466 288 2518 collaudent
306 2475 387 2519 testes
405 2467 482 2538 quasi
500 2477 605 2533 gratum
623 2467 762 2536 habeant;
784 2477 813 2520 et
828 2486 861 2520 ex
880 2469 1039 2538 supradictis
1062 2467 1168 2520 duobus
1186 2478 1243 2520 tes·-

125 2536 245 2588 timoniis
264 2537 318 2587 duo
338 2537 472 2604 eligantur
491 2539 525 2590 ad
544 2555 678 2606 pugnarn,
700 2549 727 2590 et
746 2556 806 2592 cum
826 2539 919 2590 duello
936 2538 1192 2598 litemdecemsnt,
1214 2549 1242 2592 et

125 2606 202 2658 cuius
221 2607 333 2676 Campio
360 2608 506 2670 ceciderit,
532 2609 645 2679 perdat3
675 2617 703 2660 et
731 2609 789 2660 eins
814 2608 1001 2660 testimonium
1027 2608 1096 2661 talia
1119 2609 1242 2678 patiatur

120 2684 232 2747 propter
249 2675 346 2728 salsum
364 2678 549 2731 testimoninm
568 2681 645 2750 quasi
662 2679 777 2730 iuratum
795 2678 918 2731 haberet.
956 2719 958 2725 .
1231 2683 1233 2694 '

167 2824 169 2826 .
194 2772 304 2822 XXXll.
342 2773 370 2824 Si
385 2774 446 2844 quir
457 2792 491 2825 ex
509 2772 624 2824 Familia
643 2773 744 2825 furtum
763 2771 878 2834 lecerit,
906 2767 933 2824 εἰ
955 2770 1010 2822 hoc
1039 2786 1095 2820 non
1124 2787 1172 2839 pro
1191 2788 1239 2824 ne-

125 2839 252 2894 cessitate
270 2840 366 2906 samis,
396 2844 444 2894 sed
476 2851 586 2911 propter
610 2843 775 2904 Avaritiam,
803 2851 831 2894 et
858 2842 1054 2912 cupiditatem,
1083 2847 1110 2890 ct
1133 2849 1243 2911 propter

125 2909 351 2964 consuetudinem
370 2909 454 2975 iecit,
475 2921 503 2965 et
520 2913 594 2983 quod
612 2912 715 2962 furatus
733 2921 789 2973 est,
816 2911 837 2962 si
856 2915 888 2965 V.
908 2911 1003 2963 solidis
1028 2909 1175 2978 appreciari
1194 2929 1243 2980 po-

125 2989 197 3042 test,
218 2989 245 3030 et
262 2981 380 3050 superari
398 2979 504 3052 potest,
526 2979 602 3053 quod
623 2981 715 3033 autin
734 2981 863 3034 marcello
882 2981 1011 3052 publico,
1038 2989 1085 3032 aut
1113 2981 1143 3030 in
1169 2981 1244 3032 Con·

125 3059 210 3103 ventu
231 3050 385 3103 concivium
405 3051 523 3103 debitori
547 3051 672 3103 radiatus
702 3051 737 3102 sit
762 3053 947 3122 supradictum
973 3051 1091 3112 lurtum,
1120 3049 1155 3101 ad
1184 3067 1244 3104 cor·

126 3119 277 3188 reptionem
296 3121 428 3173 malorum
448 3119 653 3184 constituimus,
674 3129 706 3172 ut
724 3122 821 3187 Legem
847 3123 898 3175 sibi
921 3123 1042 3173 innatam
1061 3129 1172 3189 propter
1187 3121 1243 3174 lun
1263 3124 1267 3132 '

126 3193 184 3242 t'unr
202 3189 336 3260 perditam
355 3189 477 3254 habeat,
494 3202 523 3243 et
541 3193 563 3243 si
582 3192 616 3243 ab
635 3191 730 3262 aliquo
749 3192 783 3243 de
802 3192 895 3264 aliqua
914 3210 942 3245 re
965 3189 1122 3258 inculpatus
1142 3190 1242 3256 suerit,

126 3274 182 3309 non
201 3277 229 3312 se
249 3271 380 3331 expurget
397 3263 564 3324 iuramento,
587 3261 635 3313 sed
651 3271 699 3313 aut
716 3263 828 3327 duello,
850 3273 897 3316 aut
914 3259 1044 3314 bullienti
1076 3277 1164 3330 aqua,
1183 3273 1244 3316 ¹aut

126 3329 241 3382 ferventi
260 3331 344 3393 serr03
365 3332 489 3385 similiter
506 3333 590 3384 faeiat
607 3333 667 3390 ille,
687 3333 734 3402 qui
753 3333 782 3384 in
801 3335 918 3403 periurio
937 3331 1051 3403 publico
1070 3340 1165 3401 captus
1183 3342 1241 3401 este

125 3401 251 3452 similiter
271 3411 297 3452 et
315 3402 380 3463 ille,
401 3404 495 3471 quiin
514 3404 582 3455 salso
601 3403 759 3454 testimonio
778 3413 874 3473 captus
894 3411 952 3467 est3'
972 3399 1096 3454 similiter
1123 3413 1156 3454 et*
1176 3403 1243 3464 itte,

127 3471 174 3540 qni
193 3479 302 3540 propter
318 3469 457 3524 infamiam
475 3473 540 3526 furti
557 3473 586 3524 in
605 3473 699 3525 duello
720 3474 859 3526 ceciderit.
895 3473 1020 3526 similiter
1046 3481 1074 3524 et
1097 3471 1167 3538 ille,
1194 3473 1242 3542 qui

128 3551 220 3594 contra
240 3543 378 3595 Seniorem
398 3561 494 3605 suum,
513 3544 845 3614 Episcopumvidelicet,
866 3562 928 3596 cum
947 3545 1003 3596 suis
1028 3542 1145 3594 inimicis
1175 3559 1240 3598 oon-

128 3610 235 3664 ciliatus
255 3622 313 3678 est,
333 3615 389 3670 sive
410 3622 503 3669 contra
522 3616 579 3668 eius
597 3613 748 3679 honorem,
769 3617 826 3674 sive
844 3625 939 3670 contra
954 3615 1011 3668 elur
1030 3615 1156 3666 salutem
1198 3639 1199 3644 κ
