2676 4976
171 271 246 348 sm
512 265 514 280 '
598 279 823 342 'rosunum

254 433 374 519 Incipit
397 427 477 492 ordo
498 427 613 490 iudicii
624 444 692 511 'quo
721 430 769 489 rei
796 439 849 488 ant
870 430 999 492 innoxii
1021 433 1208 516 probantur.

580 511 675 593 ferro
704 510 860 573 candenti.

255 630 313 696 VI.
356 631 433 691 Post
456 629 683 690 accusationem
715 627 854 706 legitime
873 625 998 708 saetam
1026 641 1057 688 et
1087 629 1227 690 triduum
1244 635 1270 692 in

170 716 297 778 ieiuniis
323 713 352 774 'et
381 712 523 772 oratione
552 724 793 792 consumptum,
823 709 980 769 Sacerdos
1015 713 1148 773 vestitus
1185 717 1270 774 sacris

169 811 298 894 praeter
328 796 465 856 casulam
487 791 637 865 indutus,
663 793 791 873 serrum
821 806 892 851 ante
919 793 1019 852 altare
1045 796 1188 875 positum
1207 796 1270 877 sor-

170 881 417 960 eipe'nceipint,
452 888 482 934 et
508 877 654 951 lycinum
677 877 771 934 trium
788 883 978 958 puerorum,
1002 877 1147 938 videlicet
1177 879 1271 938 Bene—

169 965 267 1026 dieite
292 960 398 1021 omnia
432 979 549 1040 opera,
577 955 769 1029 decantans,
793 955 837 1015 ad
856 958 959 1038 ignem
987 958 1112 1040 defertt
1142 971 1177 1020 ‘et
1198 961 1272 1022 dicat

169 1049 248 1120 lanc
273 1043 456 1104 Orationem
477 1042 694 1126 superiacum
715 1039 845 1122 ubifiet
863 1043 944 1120 ignis
967 1039 1012 1100 ad
1021 1041 1216 1124 jaciendum
1234 1047 1271 1104 iu-

168 1128 294 1188 dicium.
650 1177 653 1184 .
820 1133 823 1138 '

173 1247 183 1286 ·.
248 1205 401 1286 Benedic,
427 1205 566 1267 Domine
587 1206 699 1284 Deus,
721 1205 831 1267 locam
856 1205 970 1284 istum,
999 1216 1035 1266 nt
1064 1207 1103 1268 sit
1125 1207 1222 1270 nobis
1241 1208 1269 1268 in

167 1313 206 1355 en
227 1292 388 1367 sanctitas,
410 1290 552 1365 castitas,
576 1290 678 1351 virtus
700 1297 733 1350 et
752 1289 897 1364 victoria,
921 1298 953 1349 et
972 1291 1195 1370 sanctimonia,
1221 1293 1270 1352 hn-

165 1377 300 1451 militas,
322 1373 471 1448 bouitas,
498 1372 630 1450 lenitas,
652 1379 685 1432 et
715 1371 884 1454 plenitudo
911 1372 1009 1452 legis,
1032 1384 1064 1434 et
1089 1374 1269 1435 obedientia

166 1462 237 1520 Dan
258 1457 346 1518 Patri
368 1463 401 1516 et
423 1455 509 1515 Filio
534 1463 567 1514 et
586 1453 720 1537 Spiritui
750 1463 868 1516 sancto.
917 1456 1004 1514 Haec
1029 1455 1218 1518 benedictio
1237 1459 1269 1518 sit

166 1563 262 1625 super
285 1541 373 1600 hunc
394 1539 503 1600 locum
531 1549 564 1600 et
585 1559 683 1620 super
711 1557 821 1598 omnes
843 1535 1058 1600 inhabitantes
1079 1539 1113 1600 in
1137 1561 1187 1602 eo.

503 1675 685 1740 Benedictio
707 1700 802 1763 snper
821 1673 931 1758 ignem.

175 1807 177 1816 ’
247 1797 385 1858 Domina
414 1798 524 1871 Dens,
563 1806 654 1878 pater
679 1796 902 1878 omnipotens,
925 1797 1034 1858 lumen
1064 1795 1265 1872 indeficiens,

165 1881 282 1943 exaudi
306 1901 382 1957 nos,
411 1879 487 1960 quia
508 1889 544 1938 ln
566 1899 597 1939 es
620 1879 780 1938 conditor·
795 1880 937 1942 omnium
958 1879 1127 1945 luminum.
1170 1881 1266 1942 Bene-

164 1964 228 2041 dic,
256 1963 406 2039 Domine,
430 1962 492 2022 hoc
516 1963 646 2038 lumen,
678 1961 803 2044 quoda
827 1974 857 2026 te
882 1963 1111 2026 sanctificatum
1138 1969 1197 2041 est',
1219 1965 1267 2044 qai

164 2044 354 2106 illuminasti
376 2066 504 2105 omnem
522 2043 687 2104 hominem
710 2046 762 2106 vel
785 2045 952 2123 mnndum,
970 2055 1006 2104 nt
1027 2046 1066 2104 ab
1089 2067 1127 2105 eo
1153 2049 1266 2110 lumine

165 2128 379 2189 accendamur
398 2129 473 2212 igne
495 2125 649 2188 claritatis
672 2137 754 2192 tuae.
806 2129 849 2190 Et
868 2128 951 2190 sicut
978 2127 1052 2210 igne
1083 2129 1266 2189 illuminasti

164 2213 314 2294 Moysen,
345 2209 388 2270 ita
410 2233 499 2272 nunc
521 2209 668 2276 illumina
689 2211 785 2271 corda
808 2220 914 2271 nostra
944 2219 976 2272 οἲ
1002 2233 1114 2274 sensns
1137 2222 1265 2286 nostros,

161 2303 198 2354 nt
219 2294 260 2353 ad
283 2293 380 2352 vitam
400 2304 565 2355 aeternam
585 2313 765 2376 mereamur
784 2291 967 2378 pervenire.
1015 2295 1079 2356 Per
1110 2287 1267 2358 Christum

163 2375 338 2437 Dominum
361 2383 420 2440 etc.
693 2427 698 2446 ,

247 2465 317 2546 Qua
346 2456 457 2534 finita,
489 2457 575 2518 dicat
595 2459 691 2518 Pater
722 2465 830 2517 noster
857 2461 917 2518 etc.
965 2455 1099 2518 Salvum
1128 2460 1178 2520 fac
1203 2481 1264 2520 scr·

161 2562 237 2602 anm
258 2550 319 2604 etc.
361 2541 452 2600 Mitte
474 2540 505 2600 ei
527 2539 684 2600 auxilium
706 2542 793 2600 Dens
815 2549 874 2600 etc.
915 2541 964 2600 Da
987 2540 1063 2600 Sion
1088 2551 1264 2604 tuereeum

163 2633 224 2687 eta
266 2623 406 2687 Domine
426 2622 546 2686 exaudi
564 2631 626 2687 etc.
667 2621 824 2686 Dominus
845 2621 1010 2686 vobiscum
1031 2632 1091 2688 etc.

648 2735 770 2798 Oratio.

171 2852 174 2860 ’
243 2851 397 2934 Benedic,
419 2851 557 2915 Domina
587 2863 695 2916 sancte
725 2853 820 2915 Pater
847 2855 1048 2936 omnipotens
1078 2858 1181 2936 Deus,
1210 2877 1264 2938 per

160 2935 401 3013 inuocationem
424 2935 616 2998 sanctissimi
639 2937 779 2999 nominis
802 2937 860 3014 tui,
884 2948 916 2998 et
940 2959 998 3020 per
1019 2939 1191 2999 adventum
1210 2942 1263 3002 Fi·

159 3023 196 3093 lii
219 3022 282 3098 tui,
305 3030 402 3101 atque
424 3040 482 3102 per
503 3020 624 3080 donum
645 3017 783 3102 Spiritus
804 3020 968 3103 paracleti,
989 3019 1030 3080 ad
1059 3023 1263 3084 manifestan-

158 3097 235 3169 dum
261 3124 375 3165 verum
399 3099 557 3173 iudicium
578 3111 680 3177 tuum,
701 3095 764 3162 hoc
790 3124 890 3197 genus
912 3095 1042 3180 metalli,
1061 3113 1098 3163 ut
1120 3105 1158 3167 sit
1176 3127 1262 3166 sanc·

158 3185 324 3264 tificatnm,
348 3194 384 3251 ut
404 3185 490 3246 omni
513 3185 704 3246 daemonum
736 3184 870 3246 falsitate
892 3186 1004 3268 procul
1026 3197 1163 3264 remota,
1185 3189 1261 3248 veri·

157 3279 203 3345 tas
230 3270 300 3356 yeri
323 3264 437 3334 iudicii
460 3267 507 3328 tui
529 3266 677 3329 fidelibus
696 3266 758 3328 tuis
774 3267 941 3330 manifesta
963 3267 1027 3346 liat,
1048 3291 1107 3351 per
1128 3271 1261 3334 eundem

159 3351 334 3431 Donsinum
345 3397 363 3427 ,,
376 3361 436 3418 etc.
455 3411 457 3419 Α

170 3425 173 3432 ’
213 3502 216 3515 1
242 3432 411 3504 Posthac,
426 3432 555 3514 fernam
575 3431 608 3492 in
629 3432 731 3512 ignem
753 3433 905 3508 mittatur,
934 3445 964 3494 et
985 3447 1167 3516 aspergatur
1181 3454 1259 3513 aqna

158 3513 337 3585 benedicta;
372 3529 400 3574 et
425 3515 499 3574 dnm
521 3515 660 3592 calescit,
677 3517 808 3577 Missam
833 3516 976 3581 celebret.
1020 3516 1096 3576 Cum
1114 3535 1185 3575 nero
1200 3515 1258 3574 Sa-

158 3597 271 3662 cerdos
293 3595 525 3658 Enelraristz'am
555 3599 929 3682 sztrnpscrit,ltom1'nem
957 3598 1155 3682 probandam
1179 3599 1257 3658 sient

156 3678 243 3766 infra
264 3681 413 3762 scriptam
435 3693 481 3744 est
501 3678 627 3744 adiuret
648 3693 738 3762 atquc
760 3681 987 3742 communicare
1005 3679 1122 3762 faciat.

461 3799 464 3804 ’
571 3790 717 3871 Officium
738 3796 866 3855 Missae.

239 3915 409 4016 Ifnstxusee,
431 3907 581 3992 Domine,
601 3919 634 3971 et
655 3920 779 3971 rectum
800 3909 957 4004 iudicium
982 3919 1084 3991 tunm,
1107 3917 1162 3974 ete.

609 4049 612 4060 ¹
647 4023 770 4092 Oratio.

179 4143 375 4226 “stimolis
400 4150 605 4226 quaesumus,
621 4127 783 4218 'Domine,
806 4141 860 4204 tui
882 4140 999 4204 delicta
1021 4140 1150 4222 famuli,
1181 4149 1214 4202 at
1234 4163 1253 4202 a

57 4279 60 4286 .
154 4217 362 4316 petentium
381 4215 694 4303 saor‘tmsnaxihus,
712 4231 797 4308 quae'
820 4246 878 4310 pro
902 4232 957 4288 aua
984 4225 1250 4310 fragilitate‘eon-
