2734 4990
172 244 248 324 480
623 262 812 318 ronlrotsc

107 403 109 410 ’
169 409 253 474 dicia
275 401 483 488 diligentibus
502 403 606 462 Deum
627 401 748 462 lionam
771 421 913 483 operare,
936 401 1170 484 quatenus-qui
1188 401 1280 464 Pou-

168 495 251 555 tit'ex
277 497 411 553 vocatur
431 485 464 543 in
510 485 619 566 epulo,
641 484 828 544 timentibus
854 487 958 546 Deum
983 495 1148 546 succurrat
1175 483 1273 546 affec·

169 585 237 646 tues
267 583 303 634 ut
324 567 381 652 qui
408 506 554 627 secuium
582 567 707 628 calcant
731 577 764 627 et
780 565 907 626 Christo
928 563 1048 628 servire
1077 565 1280 644 desiderant,

167 679 227 740 per
254 671 446 719 consensum
473 649 611 709 Pastoris
638 647 743 729 quieti
772 647 811 708 ab
838 647 985 710 omnibus
1013 647 1280 710 intestationibus

166 741 286 804 vivant,
338 735 541 825 Quapropter
568 730 645 791 dum
678 751 742 789 nou
776 729 911 790 habetur
931 730 1130 812 incognitum
1164 730 1282 810 quali-

165 831 217 884 ter
245 815 439 882 Monosterin
461 834 494 872 ru
525 834 605 894 pago
626 811 696 888 illo,
717 811 775 893 qui
798 812 917 874 dicitur
938 813 1006 889 ille,
1027 833 1123 893 quem
1146 812 1284 873 illuster
1358 883 1359 890 ἵ

167 903 219 967 vir
240 904 297 963 ille
318 901 351 960 in
375 895 467 956 alode
490 895 619 976 proprio
641 893 830 970 construxit,
854 904 886 956 et
905 916 963 976 pro
983 893 1080 956 totius
1107 894 1283 954 defi-arsio-

169 986 218 1048 nis
244 982 350 1046 studio
377 999 435 1061 per
458 999 546 1036 suam
568 975 734 1058 epistolam
755 977 795 1036 ad
815 976 1155 1056 praecellentissimum
1170 979 1284 1038 Dom-

169 1089 247 1128 uum
273 1068 394 1146 Regem
421 1057 626 1140 Burgundiae
654 1058 758 1140 ipsum
790 1059 1020 1122 Monasterium
1046 1059 1189 1142 aspicere
1225 1059 1286 1120 dc·

168 1149 291 1224 crevit,
315 1157 351 1208 ut
372 1141 550 1202 communis
572 1141 695 1202 'mercis
718 1141 807 1202 illius
833 1162 891 1220 pro
922 1141 1131 1202 fundamento
1166 1149 1204 1202 et
1232 1163 1286 1201 re·

169 1233 239 1314 galo
260 1224 430 1292 clementia
459 1245 517 1305 pro
537 1221 734 1284 defensionis
753 1223 875 1284 auxilio
899 1233 1021 1284 crescat
1044 1225 1127 1305 apud
1148 1225 1283 1300 Deum,

170 1324 204 1374 et
237 1311 332 1374 nobis,
349 1306 498 1368 iamdicto
514 1307 636 1364 Domno
657 1304 796 1386 glorioso
815 1305 893 1386 Regi
911 1307 967 1364 illo
989 1315 1209 1386 opportunum
1233 1315 1285 1370 est

168 1404 278 1480 petere
301 1402 336 1452 ut
360 1389 563 1472 privilegium
579 1385 745 1447 Monacbis
767 1387 885 1471 ibidem
905 1387 1120 1450 babitantibus
1140 1389 1286 1448 debere·

170 1500 239 1538 mus
259 1473 388 1556 largire,
404 1471 444 1530 ob
464 1470 526 1530 hoc
542 1469 676 1530 maxime
693 1469 769 1550 quia
785 1469 867 1530 solet
879 1469 1066 1551 contingere
1086 1478 1123 1530 ut
1135 1471 1287 1532 morien·

168 1559 255 1620 tibus
273 1555 431 1638 religiosis
447 1551 622 1634 Episcopis,
636 1552 826 1632 pastoralem
844 1552 949 1612 locum
964 1551 1137 1633 suscipiant
1153 1553 1288 1614 secula·

168 1664 231 1717 res,
248 1650 279 1702 et
295 1660 344 1698 res
360 1657 441 1717 quae
459 1633 651 1716 pauperibus
667 1633 800 1693 fuerunt
816 1635 1013 1695 condonatae
1034 1634 1130 1714 magis
1148 1657 1212 1715 per
1222 1636 1287 1694 Ga·

62 1773 69 1784 ,
171 1724 280 1786 sindus
300 1741 397 1802 quam
416 1738 474 1799 per
487 1717 673 1776 Sacerdotes
691 1713 925 1810 dispergantur,
947 1724 977 1775 et
994 1717 1214 1776 ecclesiastica
1234 1717 1286 1775 vi-

167 1815 200 1867 ta
216 1805 359 1887 neglecta
383 1800 507 1860 cordata
524 1799 680 1858 bonorum
697 1819 795 1878 magas
814 1817 873 1880 per
891 1807 1059 1860 venatores
1075 1809 1236 1875 etcaues,
1254 1806 1287 1858 et

168 1888 255 1971 quod
274 1896 321 1947 est
344 1881 480 1965 gravius,
502 1901 557 1962 per
578 1879 758 1940 meretrices
782 1880 1017 1961 expendantur,
1036 1878 1089 1941 ret
1104 1880 1286 1963 religionis

167 1992 278 2034 norma
290 1968 441 2028 distructa
459 1963 586 2022 levitate
602 1961 756 2020 laicorum
773 1962 926 2022 secularia
944 1963 1061 2024 iniuste
1071 1963 1287 2024 consentias.

167 2062 232 2131 tur,
254 2061 286 2112 et
298 2069 356 2132 per
372 2066 481 2108 eorum
501 2044 609 2124 iniqua
629 2043 762 2103 consilia
783 2043 1012 2105 ltlonaclrorum
1028 2047 1123 2104 vitam
1137 2053 1284 2104 coutur-

166 2137 243 2197 bare
265 2136 476 2216 praesumant.
496 2127 669 2206 Propterea
690 2147 765 2207 ergo
783 2127 821 2186 ab
837 2125 896 2187 hac
912 2137 1001 2210 parte
1023 2148 1150 2210 semper
1164 2126 1234 2185 Chr
1244 2126 1285 2188 is.

168 2228 201 2279 to
217 2211 354 2298 propitio
368 2211 507 2272 director
522 2207 715 2288 edirigentes
734 2208 894 2268 communi
913 2209 1077 2268 voluntate
1099 2209 1156 2268 ille
1168 2207 1283 2290 Epis·

168 2319 266 2381 copus
285 2305 318 2358 et
332 2289 681 2355 cactericonsensimus
700 2300 735 2350 ul
754 2289 787 2350 in
810 2292 856 2350 eis
876 2289 1082 2372 privilegium
1099 2291 1188 2350 claro
1205 2291 1282 2351 uui·

168 2402 221 2442 mo
238 2377 515 2440 confirmaremus.
564 2373 745 2432 statuentes
772 2394 849 2454 ergo
872 2373 1017 2432 iubemus
1043 2373 1101 2433 sub
1122 2372 1280 2434 testimo·

167 2463 259 2524 nium
285 2467 410 2521 sarnctae
436 2451 603 2514 Trinitatis
627 2461 660 2512 et
680 2453 818 2535 pretium
843 2453 1006 2536 sanguinis
1022 2454 1140 2516 Christi
1158 2477 1281 2516 coram

167 2547 237 2607 Deo
255 2553 287 2603 et
298 2535 429 2620 Angelis
447 2544 544 2616 atque
560 2533 769 2616 Archangelis
786 2545 821 2596 ut
842 2537 882 2596 de
898 2535 1060 2616 praedicto
1072 2538 1280 2600 Monosterio

167 2626 226 2686 illo
248 2623 300 2685 vel
325 2617 481 2704 quicquid
509 2616 628 2678 ibidem
649 2627 711 2676 tam
737 2618 826 2700 regio
848 2639 981 2678 munere
1009 2639 1104 2700 quam
1123 2618 1280 2702 privato.

165 2729 239 2770 rum
266 2703 319 2766 vel
347 2697 544 2784 quibuslibet
572 2701 666 2760 rebus
694 2707 791 2782 atque
822 2700 1008 2781 corporibus
1033 2710 1080 2761 est
1103 2701 1279 2764 conlatum

167 2799 222 2850 aut
244 2788 371 2847 inantea
392 2783 555 2843 conlatum
581 2783 698 2857 fuerit,
728 2790 763 2841 ut
788 2783 910 2842 nullam
938 2781 1056 2842 exinde
1087 2783 1278 2868 Episcopus

168 2868 307 2934 civitatis
330 2866 417 2926 illins
445 2863 559 2922 habeat
578 2873 785 2948 potestatem,
818 2884 923 2944 neque
948 2863 1204 2927 Archidiaconns
1237 2869 1279 2927 il·

166 2954 248 3029 lius,
284 2949 337 3011 vel
366 2947 507 3009 Ministri
539 2954 570 3006 et
598 2947 730 3007 Actores
757 2945 952 3021 Ecclesiae‚·
972 2956 1026 3022 unt
1047 2947 1203 3028 quislibet
1233 2971 1278 3009 εχ

166 3037 262 3098 Clero
285 3032 317 3091 in
339 3030 434 3090 rebus
455 3028 609 3110 praedicti
638 3028 821 3088 Monosterii
846 3028 974 3086 nullum
1000 3040 1177 3116 praesumat
1211 3029 1278 3090 bu.

165 3119 242 3179 bere
267 3113 479 3212 principatum
497 3110 529 3168 in
555 3109 677 3169 nullam
699 3109 830 3168 omnino
848 3131 916 3168 rem
938 3112 1024 3190 quod
1042 3111 1105 3172 dici
1127 3121 1181 3171 aut
1210 3135 1277 3174 no.

167 3199 282 3261 minari
306 3202 418 3277 potest,
442 3214 505 3252 non
535 3213 593 3273 pro
620 3200 708 3272 pasto
742 3192 972 3266 exactandum,
1002 3213 1066 3252 non
1099 3216 1157 3274 pro
1179 3217 1276 3254 man.

166 3280 337 3344 sionaticos
357 3273 601 3356 requirendum,
626 3293 690 3332 non
714 3293 769 3352 pro
785 3272 882 3346 totius
902 3275 1034 3334 outraiuu
1062 3269 1276 3355 re'repeteu·

168 3364 229 3440 do,
258 3381 323 3421 uon
356 3377 414 3440 pro
445 3354 598 3414 Abbatem
628 3354 872 3432 constituendo,
910 3376 974 3434 non
1001 3378 1058 3437 pro
1090 3357 1275 3420 ministeria

166 3439 380 3515 discribeudo,
395 3458 458 3496 non
475 3457 531 3518 pro
546 3437 656 3496 altaria
671 3445 725 3494 aut
739 3434 861 3497 tabulas
875 3439 1103 3514 consecrando,
1124 3461 1189 3502 non
1209 3463 1274 3523 pm

166 3549 275 3594 sacros¹
296 3521 425 3582 ordines
447 3517 642 3594 dedicando,
668 3518 757 3578 illius
778 3519 913 3580 civitatis
940 3521 1115 3602 Episcopus
1138 3525 1275 3584 nullum

169 3609 287 3670 ibidem
311 3607 490 3685 praesumat
515 3599 630 3660 babere
654 3621 824 3676 accessum,
850 3601 912 3662 nisi
938 3602 1070 3662 fortasse
1092 3626 1150 3684 per
1177 3627 1274 3666 com.

169 3703 502 3752 munemcousensum
519 3680 623 3742 Abbas
647 3683 700 3744 vel
722 3681 788 3762 ipsa
807 3684 1010 3764 congregatio
1031 3705 1103 3744 eum
1126 3687 1275 3749 caritatis

169 3771 267 3857 gratia
287 3789 345 3851 pro
366 3773 493 3826 sanctae
524 3764 608 3824 vitae
635 3762 756 3824 meritis
779 3764 952 3823 crediderit
976 3767 1183 3834 evocandum.
1228 3772 1275 3831 Et

169 3855 195 3917 si
222 3855 351 3912 fortasse
379 3845 417 3905 ab
445 3846 489 3906 eis
511 3845 610 3904 fuerit
628 3853 795 3922 evocatus,
826 3866 890 3904 nou
913 3845 975 3906 boc
999 3847 1032 3907 in
1062 3851 1275 3912 consuetudi·
1364 3849 1365 3892 ἶ

171 3958 211 3998 nc
232 3940 343 4008 vertat,
361 3950 421 4023 nec
444 3947 576 4024 munera
593 3927 709 3988 exinde
732 3925 884 4008 requirat,
903 3928 960 3988 sed
981 3929 1170 4020 simpliciter
1181 3954 1272 4012 (puae

170 4021 188 4079 al
214 4014 365 4078 fratribus
393 4009 453 4072 saba
476 4009 599 4070 fueraut
624 4009 752 4078 oblatu,
787 4017 819 4068 et
844 4008 972 4091 expleto
996 4013 1135 4074 caritatis
1157 4015 1275 4075 officio

169 4101 209 4166 ud
230 4095 370 4186 propria,
392 4093 475 4154 sicut
503 4091 542 4154 de
566 4090 695 4175 reliqua
718 4089 813 4174 Regis
836 4089 941 4170 domo,
969 4112 1042 4192 cum
1065 4115 1142 4178 paee
1167 4097 1276 4160 disee-
