2676 4976
182 268 256 339 542
649 281 837 340 renuatur.

181 433 252 504 tur,
274 423 359 508 qnod
374 422 528 482 Dominus
544 432 653 484 noster
671 427 738 486 Rex
760 426 794 488 C.
811 425 850 485 ad
868 427 1065 488 coenobium
1074 427 1245 492 Luxovienso

180 507 369 592 parvitatem
391 527 492 566 meam
514 505 651 587 dirigere
671 507 783 567 voluit.
828 509 917 568 Unde
938 519 1011 592 peto
1037 511 1248 592 largitatemve·

181 601 299 669 stram,
322 597 357 647 ut
382 588 415 647 in
438 587 508 648 vico
527 599 648 650 vestrae
670 589 832 670 potestatis
853 590 1027 670 anacba,
1050 593 1121 652 mibi
1143 596 1247 656 mansio-

181 694 255 732 nem
284 680 317 732 ot
342 669 518 731 necessaria
538 680 651 731 cuncta
673 671 925 743 subministrari;
949 693 997 734 rae
1020 695 1096 736 vero
1120 679 1250 755 sequenti·

179 755 239 816 bus
260 753 397 836 hospitia
426 762 458 811 ct
479 750 601 834 aliquas
623 754 780 834 impensas
800 754 945 815 exbiberi
967 756 1176 838 praecipiatis,
1197 779 1250 838 pro·

181 838 235 898 cul
262 837 360 897 dubio
387 833 523 894 scientes
542 880 550 910 ,
572 835 648 915 qnia
676 837 893 918 quodcunque
924 838 1090 917 pusillitati
1110 860 1188 898 meae
1208 839 1250 899 de·

183 919 334 978 mandare
358 916 553 997 dignamini,
581 918 699 998 absque
726 918 813 977 omni
845 919 1104 980 recrastinatione
1126 919 1250 1002 perficere

181 1001 309 1063 curabo.
350 999 389 1059 Ei
412 998 437 1058 si
457 998 587 1077 quando
606 1000 694 1059 iuxta
716 1019 773 1060 nos
793 1000 912 1061 alicubi
938 1001 1144 1079 deveneritis,
1163 1003 1250 1064 scitote

180 1083 256 1166 quia
272 1081 312 1141 nd
328 1090 467 1142 vestrum
487 1081 675 1163 obsequium
698 1103 771 1142 cum
788 1083 874 1142 omni
890 1082 1093 1146 festinatione
1112 1104 1251 1144 occurrere

181 1164 325 1228 studebo.
374 1162 579 1223 sanctitatem
600 1173 736 1224 vestram
763 1173 794 1224 et
816 1185 943 1246 gregem
966 1166 1053 1227 vobis
1083 1166 1251 1226 commissum

180 1245 342 1310 continuis
358 1244 554 1305 orationibus
571 1246 709 1306 Domino
724 1249 991 1308 commendamus.
1020 1249 1156 1330 idipsum
1170 1257 1251 1308 auten

183 1338 220 1390 ut
248 1349 307 1412 pro
323 1327 466 1388 Ecclesia
495 1326 570 1388 fidei
594 1340 718 1388 nostrae
744 1329 908 1389 commissa
933 1337 965 1388 et
986 1338 1092 1392 nostra
1111 1331 1251 1414 fragilitate

178 1412 284 1474 lacere
303 1409 478 1491 dignemini
501 1410 690 1490 suppliciter
714 1411 927 1493 imploramus.
969 1412 1061 1474 Vale.

260 1492 348 1555 XXI.
372 1494 432 1553 llle
448 1491 485 1552 N.
501 1493 598 1574 gratia
619 1492 679 1553 Dei
696 1493 872 1575 Episcopus
895 1497 935 1554 N.
958 1493 1167 1558 Vicedomino
1184 1499 1210 1553 et
1224 1491 1250 1550 l·

181 1575 247 1636 deli
266 1597 323 1636 suo
338 1573 471 1635 salutem
523 1574 699 1635 Strenuitas
720 1585 776 1634 tua
790 1575 884 1652 sciat,
906 1575 981 1658 quia
1005 1579 1043 1642 G.
1064 1575 1251 1638 Ncmidonen-

178 1657 220 1720 sis
237 1658 415 1740 Episcopus
441 1659 571 1714 Romam
590 1657 797 1740 prolecturus¹
817 1679 913 1716 unam
931 1659 1127 1720 mansionem
1148 1656 1251 1738 petiita

177 1762 228 1801 me
247 1740 280 1798 in
306 1740 363 1803 ΙΙΙ.
406 1737 483 1798 ldus
504 1739 600 1814 Maii,
621 1738 684 1800 hoc
707 1750 755 1800 est
775 1740 916 1801 secunda
935 1741 986 1801 die
1006 1739 1165 1822 sequentis
1183 1739 1251 1798 Heh·

178 1822 341 1884 domadae.
383 1822 524 1901 ideoque
553 1821 640 1881 ouini
664 1843 740 1882 cura
764 1823 918 1904 provide,
948 1843 988 1882 ne
1013 1823 1251 1904 quicquamtunc

176 1905 296 1966 ibidem
317 1902 567 1964 necessariorum
587 1903 615 1963 ei
640 1903 799 1981 defuerit,
822 1905 878 1966 sed
895 1905 1001 1968 amnia
1018 1904 1204 1966 sullicienler
1216 1901 1251 1960 illi

176 1987 415 2064 subministres,
438 1986 472 2046 id
498 1994 545 2046 est
574 1986 693 2046 maldra
720 1996 857 2067 quatuor
887 1988 926 2048 de
954 2007 1058 2070 pane,
1088 1987 1126 2047 de
1153 1983 1250 2044 cervisa

176 2069 338 2131 carradam
362 2090 476 2146 unam,
498 2068 627 2149 triginta
649 2068 759 2129 situlas
783 2069 823 2129 de
843 2069 946 2147 Vino,
968 2068 1176 2146 situlas,'tres
1195 2065 1252 2124 fris*

177 2150 308 2235 kingas,
330 2151 451 2212 Orinas
471 2163 624 2231 quatuor,
644 2147 782 2212 Porcum
801 2172 918 2230 unum,
942 2153 982 2212 de
1002 2151 1093 2212 lardo
1112 2147 1252 2210 dimidium

175 2245 319 2317 tergum,
340 2233 514 2314 Agnellum
527 2253 643 2308 unum,
665 2233 848 2295 Porcellum
863 2255 981 2311 unum,
1002 2232 1251 2304 Anseremunnm,

175 2317 316 2378 bonetus
339 2315 435 2391 duas,
457 2316 568 2377 Pullos
590 2323 743 2396 quatuor,
769 2324 801 2376 et
820 2311 880 2398 ipsi
897 2316 1039 2396 aliquem
1054 2316 1169 2397 piscem
1179 2313 1201 2373 si
1213 2331 1252 2403 pu*
1318 2387 1319 2402 ,

174 2398 316 2458 tueritis:
340 2396 427 2478 ligna
447 2397 487 2456 nd
506 2398 637 2473 focum,
660 2406 692 2459 et
714 2419 787 2459 vasu
807 2399 846 2460 ad
867 2397 1083 2460 ministerium
1096 2443 1105 2474 ,
1119 2395 1252 2539 plumata

175 2491 208 2542 et
226 2478 373 2561 capitalia
389 2479 428 2538 ad
449 2480 587 2555 lectum,
610 2480 649 2540 de
667 2501 769 2541 avena
787 2481 911 2541 tritaet
928 2480 1083 2541 ventilata
1100 2502 1115 2538 a
1153 2486 1252 2560 pastun

174 2561 370 2633 cavallorum
387 2561 508 2622 maldra
531 2560 591 2620 tria
610 2569 642 2620 et
665 2563 796 2623 foenum
819 2562 851 2621 in
871 2562 967 2644 pratis
986 2570 1018 2624 et
1040 2562 1075 2620 in
1099 2561 1190 2644 agris,
1207 2557 1253 2617 siu·

176 2646 260 2726 gulis
284 2642 416 2704 cavallis
442 2643 634 2704 vasallorum
657 2653 689 2705 et
711 2665 874 2705 servorum
895 2644 983 2705 illins
1007 2665 1110 2703 unum
1133 2638 1252 2722 manipn-

175 2730 258 2788 lam:
282 2736 315 2786 et
332 2725 357 2785 si
377 2746 452 2806 prae
477 2726 574 2785 nimia
595 2726 803 2809 occupatione
826 2735 858 2786 et
882 2727 971 2808 graui
1003 2726 1121 2787 damno
1144 2724 1253 2784 aliarum

174 2829 283 2870 rernm
305 2806 443 2889 poteris„
471 2829 530 2888 per
554 2815 585 2868 te
612 2808 716 2891 ipsum
737 2809 786 2868 illi
809 2811 951 2886 servire,
985 2819 1096 2868 curato
1121 2807 1162 2866 ita
1180 2812 1210 2864 ut
1225 2799 1253 2860 ad

173 2890 308 2974 Elatiam
324 2889 378 2950 fiai
392 2892 480 2970 ‘1¹²⁰(l
496 2889 639 2951 facimus.
679 2891 720 2951 Et
735 2889 904 2973 siquando
922 2891 962 2952 ad
976 2891 1044 2950 eiua
1065 2891 1134 2951 loca
1147 2909 1197 2948 nos
1211 2885 1253 2946 de·
1316 2909 1317 2924 ³

174 2974 286 3034 venire
319 2973 489 3035 necessitas
514 2972 672 3055 coegerit,
709 2973 752 3032 ita
782 2995 856 3033 enm
877 2973 1052 3034 benefactis
1074 2972 1253 3052 anticipatum

175 3056 365 3133 babeamus,
387 3065 423 3115 ut
443 3057 513 3116 inre
535 3077 567 3116 se
592 3055 683 3116 nobis
700 3055 804 3116 vicem
821 3055 939 3116 debere
956 3055 1095 3116 noverit.
1135 3053 1214 3114 Vale.

256 3136 369 3201 XXll.
391 3135 621 3201 Vicedominus
642 3138 678 3202 N.
696 3135 847 3220 Episcopi
869 3138 906 3201 N.
930 3136 1137 3199 Procuratori
1154 3134 1183 3192 in
1199 3128 1254 3192 Pol·

174 3222 273 3304 ligen.
316 3223 405 3280 Unus
427 3220 604 3302 Episcopus
622 3217 718 3281 debet
738 3219 778 3280 ad
792 3219 941 3301 Polligen
962 3239 1059 3302 super
1075 3219 1146 3282 XlI.
1168 3221 1253 3303 noctes

175 3302 347 3378 advenire,
371 3312 402 3364 ct
423 3302 496 3363 ideo
515 3323 667 3385 praepara
688 3301 737 3361 illi
757 3299 980 3366 ministerium.
1021 3300 1106 3363 Vide
1125 3299 1175 3360 nbi
1193 3303 1254 3376 optr-

175 3409 263 3446 mum
287 3406 421 3467 granum
445 3385 558 3446 babeas
584 3391 617 3445 et
629 3407 703 3467 para
722 3382 779 3450 Vl.
806 3384 928 3443 maldra
949 3384 987 3444 de
1011 3381 1116 3442 farina
1139 3383 1214 3452 lota,
1231 3381 1254 3432 el

175 3489 278 3528 unum
295 3466 437 3527 modium
460 3466 500 3527 de
522 3467 635 3531 simila.
675 3466 768 3528 Tolle
795 3465 834 3526 de
861 3465 937 3530 Xll.
965 3465 1115 3526 censariis
1138 3457 1253 3541 singulas

173 3553 270 3616 Oras.
312 3552 353 3610 Et
373 3550 411 3610 da
438 3549 502 3610 illis
531 3547 675 3630 qnotidie
703 3549 748 3610 sal
778 3556 809 3608 et
837 3547 1046 3608 ventilamina
1071 3555 1103 3608 et
1129 3539 1253 3606 commix-

172 3643 240 3694 tum
261 3632 399 3714 migma,
428 3642 465 3693 nt
485 3641 563 3692 tunc
589 3632 691 3690 bonae
720 3639 803 3695 sunt.
845 3629 939 3690 Tolle
959 3650 1060 3690 unam
1081 3647 1205 3714 porcum
1224 3619 1252 3714 de

175 3716 233 3776 illo
255 3736 372 3792 servo,
394 3735 491 3796 quem
508 3714 571 3774 hoc
593 3733 678 3772 anno
699 3712 834 3774 reddere
851 3711 967 3789 debet,
991 3720 1022 3773 et
1044 3712 1083 3772 da
1102 3710 1150 3772 illi
1167 3711 1253 3788 quota·

172 3799 224 3859 die
241 3796 437 3858 sufficienter
457 3797 495 3856 de
516 3795 607 3878 sigila
623 3803 655 3855 et
671 3793 810 3871 hordeo,
834 3803 865 3854 et
884 3794 1009 3854 inebria
1028 3795 1121 3854 illum
1141 3791 1253 3850 mixtura

171 3883 335 3942 furfurum
353 3902 409 3940 seu
427 3879 568 3955 farinae,
592 3887 623 3937 et
636 3877 686 3936 lac
700 3897 800 3937 unum
817 3875 1067 3958 Agnellumtota
1080 3874 1183 3935 matris
1196 3868 1253 3928 ube·

171 3986 207 4025 ra
227 3983 359 4046 sugere,
382 3961 531 4022 similiter
557 3968 590 4021 et
607 3959 790 4022 Porcellum
816 3968 848 4018 et
874 3979 970 4019 unam
993 3979 1120 4034 aucam,
1141 3965 1171 4016 et
1192 3952 1253 4011 duas

171 4057 279 4107 anetas
302 4069 320 4105 a
342 4044 475 4106 caeteris
496 4061 627 4124 separa,
649 4051 680 4102 et
698 4042 737 4101 da
758 4038 822 4101 illis
837 4040 982 4122 quotidie
1003 4035 1250 4108 abundantiae

173 4151 212 4189 ex
228 4128 373 4190 Gallinas
398 4137 430 4188 et
451 4126 562 4190 Pullos
585 4123 755 4186 commixta
777 4122 956 4188 hordeacea
978 4124 1080 4184 farina
1101 4139 1188 4203 pasce
1205 4137 1211 4183 ί
1230 4116 1253 4172 tl

173 4231 260 4272 sume
285 4211 442 4274 deservis
463 4209 579 4292 quibus
598 4208 750 4271 volueris.
792 4207 878 4268 Duas
899 4207 994 4268 fretas
1015 4205 1054 4270 de
1082 4201 1211 4274 cervisa,
1229 4197 1252 4252 θ*
