2676 4976
523 307 823 368 tondensnntcnss
1144 298 1215 372 551

289 475 292 484 <
338 447 478 510 Traditio
496 447 686 510 vinditionis
706 469 776 511 com
796 447 990 529 defensione.

100 579 103 588 ·
188 555 254 620 lx.
298 553 538 618 Muttine'trnde
555 575 614 637 per
633 553 718 617 hanc
741 575 935 638 pergamena
955 569 1042 622 uerte
1063 564 1218 626 vinditio·

101 643 157 705 nis
173 642 236 704 sub
254 637 351 722 dupin
371 635 561 700 defensione
581 637 621 698 de
643 657 709 697 uns
727 638 820 722 pecie
839 638 879 703 de
901 649 997 718 tenu,
1019 665 1083 727 qne
1105 657 1155 708 est
1170 648 1219 708 tui
1327 688 1334 696 ,

101 726 211 801 iuris,
243 743 307 804 que
331 729 377 782 est
406 720 440 779 in
468 720 525 780 tuli
554 718 627 782 loeo
652 741 714 802 pro
741 741 891 781 mensura
913 732 1040 788 tuntum
1068 739 1100 791 et
1123 729 1219 792 habet

104 806 313 872 coherentiss
338 802 417 863 tales
447 803 488 863 ud
518 803 692 880 loannem,
720 803 808 888 quod
841 803 880 863 de
907 803 985 868 hinc
1013 805 1047 870 'in
1079 822 1171 873 antea
1200 835 1219 873 a

104 888 252 974 presenti
270 885 322 947 die
347 883 561 968 proprietario
586 884 717 947 nomine
745 883 842 946 faciut
868 884 946 968 ipse,
974 901 1029 952 aut
1051 893 1101 953 sui
1128 894 1220 956 here·

108 974 187 1048 des,
214 978 268 1032 ant
291 967 346 1029 eui
368 966 431 1050 ipsi
451 965 623 1044 dederint,
648 967 809 1050 quidquid
838 969 1013 1051 volueriut,
1034 975 1104 1036 sine
1129 979 1217 1037 omni

108 1051 350 1116 eontrudiuioue
375 1059 444 1120 tun,
470 1058 504 1110 et
526 1059 655 1110 tuorum
681 1048 858 1129 heredum,
885 1059 918 1113 et
940 1052 1073 1139 insuper
1099 1079 1218 1141 espon.

108 1139 183 1199 dete
203 1155 259 1195 ros
275 1133 316 1194 ub
337 1131 427 1193 omni
446 1130 580 1193 homine
601 1130 779 1210 defensore,
793 1133 884 1216 quod
901 1135 928 1195 si
949 1137 1126 1202 defendere
1150 1163 1217 1202 nou

105 1216 300 1304 potueritis,
333 1223 390 1274 sut
411 1214 439 1274 si
470 1235 530 1276 rou
547 1213 672 1296 aliquid
697 1235 758 1311 per
783 1216 921 1297 quodvis
947 1218 1114 1301 ingenium
1140 1224 1217 1284 suh-

103 1301 232 1362 trnhere
261 1295 471 1380 quesieritis,
505 1306 585 1358 tuno
611 1295 663 1356 iili
700 1319 734 1358 ιιι
762 1296 900 1381 duplum
931 1303 1070 1364 eundem
1099 1316 1218 1368 endum

102 1381 301 1446 vinditionis
325 1378 520 1456 restituetis,
549 1378 633 1440 siuut
654 1400 715 1474 pro
739 1389 883 1462 tempure
906 1383 1073 1446 meliorato
1097 1389 1217 1466 fuerit,

102 1475 159 1527 unt
182 1463 328 1527 vuluerit
349 1461 412 1524 rub
434 1462 638 1524 estimatione
655 1481 690 1522 ιιι
708 1462 869 1523 consimili
889 1461 963 1524 loeo
982 1469 1110 1528 Iouuni.
1163 1470 1219 1531 Di-

103 1549 151 1610 uis
177 1547 223 1608 ita
239 1549 254 1607 ι
273 1544 374 1606 Diuo.
421 1545 478 1606 ste
500 1544 592 1605 trude
613 1542 646 1604 ei
675 1544 716 1606 ad
741 1545 921 1627 proprium,
941 1555 974 1608 et
995 1549 1071 1610 huic
1094 1553 1219 1612 noterio

105 1631 147 1692 ad
175 1627 401 1692 scribendum„
433 1627 538 1688 Hebes
561 1627 703 1710 pnetinm
724 1627 808 1690 inste
833 1631 977 1692 eurtum?
998 1633 1116 1697 Habeo.
1158 1636 1219 1696 Dic

106 1712 193 1775 'totos
220 1733 277 1772 vos
303 1731 382 1792 rogo
404 1719 548 1794 tangere.
590 1707 624 1770 Si
647 1719 694 1772 est
719 1709 892 1788 Romanus,
911 1711 1061 1775 similiter
1078 1714 1140 1776 dic.
1183 1716 1218 1777 Si

109 1805 159 1858 est
179 1793 367 1870 Robunrine,
388 1792 414 1854 si
428 1803 476 1853 est
493 1793 648 1869 Francus,
668 1790 696 1855 ei
712 1800 760 1854 est
780 1792 917 1870 Gothus,
937 1796 990 1857 vel
1007 1795 1218 1861 Allemnnnus

109 1878 262 1939 venditor
290 1887 376 1958 pone
397 1881 516 1937 uertant
540 1873 575 1934 in
598 1882 683 1936 ιειιιι
713 1883 1007 1959 stupescentem
1033 1879 1124 1940 ιιιὶιιε
1151 1880 1219 1941 cul·

110 1961 237 2038 tellum,
262 1960 417 2020 festucam
442 1958 576 2034 nonan,
602 1965 820 2033 mentonem,
842 1978 1017 2020 vuasonem
1045 1969 1157 2038 terre,
1185 1969 1218 2023 et

108 2047 235 2104 ramum
261 2039 394 2117 arboris,
417 2049 449 2104 et
467 2039 727 2100 atramentarium
745 2049 777 2100 et
796 2040 968 2100 Alamanni
994 2043 1216 2123 vuandelube,

104 2130 142 2187 'et
170 2125 260 2186 levet
287 2124 328 2184 de
351 2131 447 2185 terre.
476 2123 529 2201 Et,
548 2142 589 2182 eo
606 2133 725 2182 earnm
747 2131 891 2201 tenente,
913 2123 1216 2204 dietrndiotiouem,

107 2217 144 2268 ut
167 2228 265 2289 snpra
289 2206 439 2284 diximus,
460 2214 494 2266 et
517 2203 599 2265 udde
622 2204 656 2264 in
681 2204 815 2265 istorum
837 2213 923 2266 curta
945 2215 977 2267 ut
998 2207 1217 2269 Baioariorum

104 2299 137 2352 et
169 2287 477 2363 Gundebntdorum‚
510 2307 587 2346 ‘nuru
612 2286 646 2347 in
676 2286 907 2365 Gundebuidu,
934 2297 967 2350 et
995 2289 1120 2350 Boiorio
1150 2312 1216 2352 non

104 2371 243 2456 'ponitur
272 2372 405 2452 insuper
430 2370 598 2432 cultellum
625 2389 693 2452 per
709 2369 864 2448 heredes,
894 2379 928 2431 et
955 2371 1160 2453 repetitione,
1185 2382 1219 2434 et

104 2456 209 2532 tolle,
241 2459 274 2516 ει
299 2453 470 2535 spondite,
498 2461 530 2512 et
555 2451 664 2528 mitte,
695 2459 728 2513 et
758 2452 896 2536 obligate
924 2463 955 2514 et
980 2455 1124 2514 omnium
1152 2453 1217 2515 [iu'e

104 2533 290 2599 'traditionis
320 2535 414 2613 udde,
438 2545 470 2597 et
495 2535 705 2618 supermitte
731 2549 815 2618 pene
838 2535 1052 2618 stipulationis
1073 2538 1217 2615 nomine,

104 2642 168 2704 que
195 2627 243 2681 est
268 2618 387 2679 mnlotn
411 2617 482 2678 anri
508 2617 620 2700 optimi
642 2617 752 2678 unuius
766 2626 928 2699 quattuor
944 2627 977 2680 et
994 2620 1119 2700 urgenti
1133 2641 1218 2702 pon-

105 2706 183 2764 dere
208 2713 298 2779 octo,
329 2721 424 2783 quam
449 2701 594 2763 inferetis
622 2701 662 2761 ud
692 2701 783 2760 ittam
805 2710 953 2784 partem,
985 2712 1216 2784 contraquam

105 2783 225 2846 exinde
253 2785 345 2844 litem
368 2783 571 2860 intuleritis,
596 2793 649 2860 et,
675 2783 763 2864 qnod
800 2783 1014 2865 repetieritis,
1049 2784 1238 2844 vindicare,

105 2889 172 2927 non
201 2866 343 2930 volentis.
382 2867 425 2926 Et
448 2865 529 2927 adde
560 2864 726 2946 ruerpites
749 2875 854 2926 cetere
874 2875 950 2926 sunt
970 2867 1150 2927 secundum
1174 2868 1215 2926 sit

102 2949 307 3036 promissum.
348 2949 410 3010 Dio
428 2956 553 3009 tantum
568 2948 601 3008 in
626 2948 702 3022 fine,
723 2956 755 3008 et
774 2946 818 3006 itu
840 2947 931 3008 nude
946 2947 977 3010 ei
992 2967 1053 3029 per
1067 2946 1130 3008 hoc
1144 2947 1216 3008 mis·

103 3055 196 3112 sum,
219 3041 254 3094 et
274 3031 352 3092 huie
375 3031 507 3093 Notario
535 3030 573 3090 nh
599 3029 814 3095 scribendum.

321 3145 467 3206 Traditio
492 3143 680 3206 venditionis
696 3133 772 3204 'sine
797 3141 1001 3225 defimeionis.

186 3251 229 3316 X.
271 3253 422 3333 Martine,
438 3253 528 3318 nude
543 3273 601 3336 per
618 3252 703 3314 hane
720 3273 944 3335 pergamenum
955 3260 1075 3312 eertum
1100 3254 1214 3313 vendi·

101 3335 202 3398 tionis
223 3335 293 3398 sine
320 3349 373 3398 tua
396 3337 596 3422 defensione,
622 3344 654 3412 et
679 3333 798 3416 absque
818 3335 1049 3396 restauratione
1069 3337 1109 3396 de
1129 3337 1214 3417 petia

102 3440 169 3478 unu
192 3420 231 3480 de
257 3429 353 3496 terra,
378 3439 441 3501 qne
470 3427 518 3480 est
539 3419 588 3478 tui
616 3417 714 3494 iuris,
743 3427 777 3480 ει
803 3439 865 3498 que
891 3427 937 3478 est
965 3415 1066 3498 posita
1093 3417 1126 3475 in
1155 3419 1211 3476 tali

101 3503 190 3578 ioco,
217 3512 280 3582 qne'
307 3510 355 3562 est
378 3523 436 3584 pro
456 3523 606 3562 mensure
628 3511 768 3578 tuntum,
799 3522 863 3582 que
889 3499 985 3561 hahet
1009 3499 1212 3560 coherentins

101 3586 204 3661 tales,
227 3586 267 3648 ad
289 3582 579 3666 loannem-quod
610 3584 649 3644 de
679 3583 756 3644 hinc
777 3583 810 3642 in
833 3591 963 3644 antean
989 3581 1131 3666 presenti
1160 3582 1212 3643 die

101 3667 322 3749 proprietario.
339 3668 470 3728 nornine
485 3667 580 3728 t'ueint
601 3666 689 3748 ipse,
703 3675 737 3726 et
758 3667 807 3728 sui
832 3665 980 3742 heredes,
1004 3676 1060 3729 eut
1081 3664 1134 3727 cui
1150 3664 1211 3746 ipsi

100 3749 264 3827 dederint,
282 3749 441 3832 quidquid
458 3749 623 3810 voluerint
638 3749 708 3810 sine
731 3750 974 3810 oontrndioione
998 3771 1065 3826 suu,
1092 3757 1213 3810 etsuo-

99 3853 176 3891 rnm
209 3832 375 3898 heredum.
431 3834 478 3894 -Ει
504 3831 530 3892 si
552 3829 734 3912 apparuerit
756 3834 861 3892 ullum
889 3832 1019 3908 datum,
1050 3841 1106 3890 aut
1137 3831 1210 3888 inc-

100 3925 250 3976 tumeant
280 3915 446 3997 scriptum,
476 3917 541 3974 ant*
561 3913 668 3994 eliqua
694 3914 836 3990 firmitus,
866 3914 953 3994 qnod
981 3914 1013 3972 in
1037 3912 1100 3972 elia
1121 3920 1210 3990 perte

99 3999 184 4058 theta
214 3998 353 4075 abeatis,
384 4007 418 4058 ει
436 3997 523 4062 olere
544 3998 662 4058 sactum
685 3997 801 4072 fuerit,
831 4006 910 4056 tuno
938 3995 978 4054 de
1010 3994 1066 4060 itte
1098 4001 1210 4073 parte,

99 4083 187 4142 unde
212 4081 275 4140 hoo
293 4081 492 4161 opposuerit,
512 4079 702 4160 promittetis
723 4079 763 4138 ab
782 4077 869 4138 omni
885 4076 1014 4139 ιιοιιιίιιε
1031 4076 1210 4151 defensore,

98 4163 173 4224 etsi
200 4163 377 4224 defendero
401 4184 466 4222 nou
485 4163 663 4246 potueritis,
684 4171 739 4222 sut
755 4159 783 4222 si
806 4182 861 4222 vos
882 4181 922 4222 ex
947 4159 1024 4220 inde
1048 4179 1107 4238 per
1127 4179 1207 4238 qno·

101 4245 150 4310 vis
181 4244 349 4330 ingenium
376 4245 542 4309 subtraere
575 4243 782 4330 quesieritis,
821 4252 898 4305 tune
926 4240 960 4302 in
994 4239 1131 4326 duplum
1161 4239 1210 4301 itti
