2734 4990
521 319 773 383 ucnonrnnnn
1140 302 1213 375 tn
1251 341 1254 348 ,

105 460 159 522 itti
184 460 286 544 gratia
309 457 369 520 Dei
395 456 525 537 Abbati,
551 481 609 522 nos
629 458 769 520 enimin
790 456 851 520 Dci
872 456 1002 518 nomine
1023 457 1092 540 itte,
1108 483 1217 543 quam·

104 544 158 605 vis*
179 551 342 624 peccator,
364 541 484 602 donum
505 542 565 602 Dei
587 542 775 622 Episcopus.
824 544 912 600 Deus
939 543 1017 616 scit,
1043 554 1150 606 vester
1179 547 1213 604 in

107 625 259 770 onlrnibus
278 623 427 708 proprius
448 625 581 704 amicus,
608 624 800 708 imprimitus
822 623 1059 687 salutationem.
1093 627 1216 688 Desunt

108 729 144 769 re
159 729 244 790 iqua.

474 854 584 915 Cautio
607 851 647 912 de
667 850 862 934 infracturis.

188 967 304 1031 XXVI.
347 967 492 1050 Contigit
517 967 604 1048 quod
637 966 806 1026 cellarium
848 966 900 1026 vel
937 967 1110 1050 spicarium
1147 991 1214 1032 ves·

110 1059 193 1110 trum
221 1051 351 1132 infregi,
379 1062 411 1111 et
435 1051 552 1110 exinde
575 1071 735 1107 annonam
756 1049 807 1107 vel
837 1049 932 1108 ulium
953 1071 1085 1130 ranpnm
1104 1051 1137 1110 in
1160 1073 1214 1112 so-

107 1133 188 1200 lidcs
206 1141 310 1193 tantos
332 1132 446 1193 furari.
485 1133 572 1192 Dum
598 1140 630 1190 ct
655 1152 710 1190 vos
729 1140 760 1190 et
782 1131 953 1192 advocatus
973 1141 1079 1193 vester
1094 1133 1213 1195 exinde

106 1225 182 1275 unte
208 1214 301 1274 illum
321 1215 479 1276 Comitem
500 1213 709 1295 interpellare
733 1212 871 1288 fecistis,
895 1223 927 1272 et
949 1233 1009 1290 ego
1030 1214 1116 1274 hanc
1140 1237 1215 1276 cau·

103 1319 169 1360 sum
184 1297 369 1358 nullatcnus
385 1295 476 1380 potui
495 1295 667 1376 denegare,
686 1294 731 1356 sic
745 1293 784 1352 ab
804 1294 879 1374 ipsis
896 1295 1128 1380 Racimburgiis
1149 1299 1212 1360 fuit

104 1378 303 1456 iudicatum,
328 1389 364 1438 ut
384 1400 444 1460 per
467 1377 605 1437 wadium
625 1398 733 1438 mcum
761 1398 830 1435 eam
860 1386 973 1437 contra
998 1400 1055 1440 vos
1081 1400 1210 1460 compo·

103 1481 183 1521 nere
209 1470 305 1541 atque
327 1461 506 1522 satisfacere
525 1458 669 1535 debeam,
691 1458 753 1517 hoc
778 1467 835 1533 est,
853 1460 973 1520 solidos
995 1468 1100 1522 tantos
1122 1464 1174 1522 vel
1184 1463 1209 1523 '.

103 1541 169 1602 sed
193 1543 270 1602 dum
290 1543 375 1624 ipsos
395 1542 515 1603 solidos
536 1541 667 1600 minime
683 1540 783 1600 habui
808 1542 895 1601 unde
915 1542 1131 1604 transsolvere
1150 1543 1210 1605 de·

99 1622 206 1700 iteam,
229 1625 275 1684 sic
298 1623 379 1682 mihi
404 1623 587 1705 aptificavit,
609 1633 643 1683 nt
663 1623 830 1683 brachium
849 1623 882 1682 in
909 1624 1030 1683 collum
1051 1625 1154 1706 posui,
1177 1634 1211 1686 et

101 1727 162 1786 per
175 1727 298 1764 comam
318 1705 429 1788 capitis
447 1706 508 1764 mci
531 1727 637 1765 coram
661 1706 882 1786 praesentibus
902 1705 1086 1768 hominibus
1105 1707 1211 1768 trade·

102 1808 139 1847 re
155 1787 239 1865 seci,
262 1787 296 1847 in
324 1809 359 1847 ea
377 1787 500 1848 ratione
522 1797 557 1847 ut
582 1787 709 1848 interim
727 1788 815 1868 quod
837 1788 922 1868 ipsos
945 1788 1065 1850 solidos
1087 1798 1209 1850 vestros

102 1869 239 1930 reddere
270 1879 422 1951 potuero,
446 1879 478 1929 et
501 1869 668 1930 servitium
689 1880 830 1930 vestrum
853 1879 884 1929 et
909 1871 1209 1952 operamiqualem·

101 1971 231 2032 cunque
251 1953 302 2011 vel
315 1967 384 2014 ‘vos
397 1953 450 2012 vel
467 1951 612 2012 iuniores
630 1951 727 2013 vestri
749 1952 966 2026 iniunxeritis‚
983 1954 1089 2014 facere
1107 1962 1140 2013 et
1157 1951 1210 2011 ud-

98 2033 233 2113 implere
263 2033 411 2104 debeam3
435 2034 515 2094 etsi
539 2034 656 2094 exinde
684 2034 851 2115 negligens
874 2035 926 2095 vel
950 2035 1086 2096 iactivus
1109 2055 1208 2114 appu-

97 2137 214 2192 ναοῖο,
242 2117 385 2196 spondeo
411 2138 461 2176 me
483 2126 597 2176 contra
622 2138 677 2176 vos
706 2127 742 2178 ut
765 2117 862 2178 talem
883 2116 1087 2198 disciplinam
1111 2137 1207 2197 supra

99 2197 229 2256 dorsum
256 2219 364 2260 mcum
385 2201 491 2261 facere
519 2199 659 2260 iubentis
680 2219 776 2282 quam
802 2220 900 2282 super
928 2199 1073 2282 reliquos
1097 2218 1206 2263 servos

97 2287 229 2344 vestros.
