2684 4990
206 265 280 344 766
579 279 955 338 assensursrsross

203 443 266 482 error
289 443 340 498 per
362 422 524 478 Hildninurn
548 423 754 496 presbyterum,
781 429 811 476 et
836 430 898 496 post
919 413 982 476 ium
1004 441 1051 494 per
1071 423 1188 482 tetresse
1203 435 1233 490 ite

201 495 408 620 ppeesclr'pttppum,
427 493 527 548 deinde
543 509 593 566 per
608 495 759 561 Diogenem
777 493 933 566 episcopum
951 493 1042 574 extitit
1056 493 1105 550 boc
1124 501 1236 562 ninistein

271 655 342 720 x'vt
362 668 566 720 Aaoesrsrsatus
584 671 676 718 sutem
694 681 776 735 quern
794 673 926 720 nostrates
949 663 1121 736 capellanum
1134 671 1168 722 rel
1184 673 1240 728 Palati

202 737 350 794 Custodem
369 739 529 808 appellant,
556 753 664 788 omnem
684 737 788 788 clerum
807 736 904 788 Palatii
922 733 972 788 sub
991 753 1055 792 cura
1083 746 1108 790 et
1129 739 1242 810 dispositione
1294 727 1295 748 ¹

200 827 249 862 sua
267 806 385 872 regebat.
423 807 476 860 Cui
494 805 649 858 sociabatur
664 823 784 860 summus
802 803 999 874 cancellarius,
1019 805 1065 878 qui
1083 823 1098 857 a
1113 811 1192 863 secretis
1205 817 1243 870 olm

200 877 400 949 appellabatur,
420 884 554 946 erantque
579 875 621 926 illi
640 873 759 929 subiecti
777 875 925 947 prudentes
943 884 973 930 et
988 873 1156 942 intelligentes
1168 897 1189 933 ae
1204 885 1244 935 ide-

198 951 239 1002 les
257 947 326 1011 viri,
353 947 566 1018 quilpraecepta
583 945 655 1011 regia
674 945 778 1016 absque
795 946 975 999 immoderata
994 945 1139 1016 cupiditatis
1152 951 1245 1006 ienitate
1294 981 1295 1006 ι

197 1017 363 1080 scriberent,
393 1025 420 1070 et
438 1025 542 1068 secreta
560 1015 615 1067 illis
634 1015 753 1068 fideliter
773 1017 949 1075 custodirent.
988 1017 1049 1068 Post
1067 1033 1107 1069 eos
1121 1037 1245 1074 verosurm
1294 1027 1295 1050 i

198 1087 333 1142 Palatium
352 1103 401 1158 per
423 1086 473 1137 hos
503 1086 637 1138 ministros
662 1084 873 1155 disponebatur:
898 1097 947 1156 pet·
972 1087 1143 1141 Camerarium
1165 1090 1246 1146 videlieet

199 1169 228 1212 et
253 1159 381 1210 comitem
406 1155 521 1219 Palatii,
548 1157 760 1219 senescalcum,
787 1157 1006 1218 Buticularlum,
1033 1157 1152 1210 Comitem
1177 1160 1246 1226 stabuli,

196 1227 420 1302 mansionarium,
439 1227 589 1280 venatores
605 1226 770 1297 principales
788 1236 923 1297 quatuor,
944 1226 1127 1280 Falconarium
1142 1245 1209 1280 unum

265 1330 356 1384 xvtt.
392 1327 430 1381 Er
448 1326 570 1400 quamvis
589 1325 640 1380 sub
659 1327 724 1398 ipsis
743 1336 792 1380 aut
810 1328 950 1387 ex.latere
969 1346 1059 1381 eorum
1088 1327 1130 1379 alii
1144 1330 1249 1382 ministeris·

195 1400 236 1453 les
257 1399 388 1462 fuissent,
409 1407 437 1451 et
455 1398 591 1461 ostiarius,
611 1399 789 1462 sacellarius,
810 1399 991 1468 dispensator,
1011 1399 1167 1468 scapoardus,
1182 1409 1249 1469 atqie

195 1486 367 1540 rumcunque
385 1487 420 1521 ex
439 1469 478 1521 eis
496 1469 633 1534 iuniores,
662 1477 711 1520 aut
729 1469 832 1522 Decumi
851 1467 988 1532 luissent,
1006 1469 1051 1524 vel
1069 1461 1141 1520 etiam
1156 1469 1191 1520 alii
1204 1471 1247 1522 erle·

196 1551 273 1602 tere,
291 1541 364 1593 sicut
380 1537 510 1607 bersarii,
529 1537 664 1604 veltrarii,
684 1538 817 1592 beverarii
826 1539 899 1601 ,²vel
919 1539 1010 1610 siqui
1029 1537 1113 1590 adhoc
1134 1549 1246 1608 supersint:

195 1620 386 1673 veruntamen,
406 1609 528 1680 quamvis
548 1609 644 1678 stipsi
662 1608 760 1675 singuli
778 1609 857 1661 iuxta
872 1627 952 1662 suam
972 1609 1127 1681 qualitatem
1143 1611 1171 1660 ad
1182 1609 1245 1660 hori·

194 1683 265 1736 tenti
284 1689 390 1744 essent,
417 1689 583 1734 nontamen
603 1677 637 1730 ad
663 1695 723 1742 eos,
750 1677 822 1732 sicut
848 1677 883 1730 ad
908 1689 1032 1732 caeteros
1057 1677 1248 1748 principaliter,rt

193 1751 289 1806 subter
305 1751 438 1802 insertum
457 1757 514 1813 est,
541 1749 627 1802 totius
644 1753 720 1817 regni
740 1748 942 1802 confoederatio
963 1751 992 1801 in
1010 1747 1145 1800 maioribus
1159 1748 1250 1800 relnine

193 1821 286 1884 ribus,
306 1821 419 1885 singulis
439 1819 596 1890 quibusque
615 1819 783 1888 quotidianis
800 1819 1013 1873 necessitatibus
1032 1817 1204 1870 occurrentibus
1214 1833 1251 1868 eun

97 1939 100 1950 .
193 1891 299 1946 Palatio
311 1889 584 1956 corsglutinabantur:
602 1888 651 1939 sed
668 1907 720 1944 uec
737 1889 789 1960 ipsi
799 1890 947 1960 superiores
969 1905 1061 1942 omnes
1078 1889 1251 1958 aequalitsrpnp

192 1968 235 2016 ter
253 1961 461 2013 ministeriorum
481 1958 686 2023 diversitatem,
707 1961 884 2031 qualitatem,
904 1960 949 2014 vel
972 1957 1173 2014 convenientiam
1186 1958 1251 2027 pudes-

193 2049 223 2084 se
241 2040 383 2102 poterant:
414 2048 477 2084 cum
497 2040 590 2083 tamen
609 2029 703 2082 nullus
721 2047 750 2082 se
767 2038 875 2102 propter
899 2029 966 2098 fidei
992 2028 1140 2084 servandam
1160 2027 1251 2080 veritatem

193 2095 264 2170 regii
283 2111 312 2154 et
336 2100 431 2168 regni,
460 2108 491 2153 ut
516 2100 687 2172 praedictum
713 2109 774 2162 est,
802 2100 962 2153 subtrahere
988 2101 1132 2170 potuisset,
1152 2098 1186 2150 vel
1205 2095 1253 2146 uisu

192 2173 333 2227 voluisset.
370 2173 411 2224 De
430 2187 545 2244 quorum
571 2171 691 2240 personis
709 2172 755 2223 vel
774 2167 946 2231 ministeriis,
977 2187 1134 2241 quemquam
1148 2164 1253 2237 pluerint,

193 2261 265 2315 quae
286 2243 427 2304 dicantur,
446 2241 518 2293 baec
536 2249 629 2293 tamen
647 2242 792 2311 praecipue
812 2239 996 2292 habebantur.

260 2343 363 2396 xv111.
399 2344 523 2394 lsrarurs
533 2381 543 2406 ‚
565 2350 597 2394 ut
616 2342 695 2393 iuxta
714 2342 905 2412 cuiuscunque
923 2340 1069 2394 ministerii
1087 2333 1250 2412 qualitatemrel

190 2415 374 2538 quantitatem
394 2413 535 2474 minister,
560 2411 749 2464 nobiliacorde
769 2421 797 2464 et
822 2429 933 2482 corpore
954 2421 1101 2474 constans,
1125 2403 1250 2464 sonorabilis,

212 2487 344 2543 iscretus,
364 2489 393 2542 ct
410 2481 514 2533 sobrius
534 2481 694 2547 eligeretur:
713 2482 761 2535 sed
779 2499 831 2544 nec
849 2483 898 2534 illa
917 2481 1079 2538 sollicitudo
1097 2480 1186 2538 deerat,
1201 2471 1251 2533 etsi

189 2555 247 2608 fleri
266 2552 416 2622 potuisset,
444 2551 516 2602 sicut
533 2551 716 2616 hocregnurn
734 2555 792 2605 Deo
814 2561 926 2605 auctore
945 2569 981 2604 ex
1006 2551 1126 2622 pluribus
1145 2544 1252 2620 regionbus

191 2631 318 2690 constat,
346 2638 380 2672 cx
407 2619 619 2674 diversisetiam
639 2621 740 2674 eisdem
758 2621 934 2688 regionrbus,
963 2631 1013 2674 aut
1036 2620 1065 2673 in
1082 2619 1170 2690 primo,
1194 2623 1253 2665 autu

190 2693 330 2753 secundo,
359 2699 408 2742 aut
427 2689 510 2744 etiam
527 2690 557 2742 in
577 2691 704 2760 quolibet
720 2693 784 2744 loco
804 2692 877 2744 idem
896 2691 1013 2744 ministri
1039 2691 1193 2756 eligerentur,
1213 2697 1253 2751 qra-

189 2764 254 2817 liter
272 2761 430 2814 familiarius
454 2777 582 2832 quaeque
602 2761 722 2827 regiones
740 2763 873 2834 palatium
899 2761 974 2814 adire
999 2769 1124 2832 possent,
1147 2758 1196 2808 dun
1214 2764 1253 2801 suae

188 2833 364 2902 genealogiae
382 2833 427 2886 vcl
442 2832 556 2898 regionis
575 2842 713 2885 consortes
730 2831 761 2884 in
778 2831 881 2903 palatio
899 2833 993 2884 locum
1007 2826 1250 2894 tenerecognoseereut

260 2933 342 2990 XIX,
374 2934 424 2986 Hrs
449 2933 489 2986 ita
519 2931 638 2988 breviter
665 2933 701 2988 de
731 2933 862 2999 eligendis
888 2941 916 2984 et
950 2929 1145 2986 constituendis
1171 2919 1250 3003 ministris

190 3006 354 3080 praedictis:
378 3020 452 3056 nunc
471 3003 507 3054 ad
522 3003 670 3056 eorundem
688 3003 869 3056 ministrorum
889 3011 917 3055 et
934 3001 1154 3055 ministrationum
1174 2994 1250 3068 ordinent

191 3077 311 3148 qualiter
330 3073 492 3138 currebant,
518 3073 686 3128 veniendum
713 3082 762 3128 est.
799 3075 867 3125 Nem
893 3071 1017 3142 quamvis
1043 3069 1151 3142 praefati
1170 3062 1251 3142 ubisit,

190 3146 382 3218 unusquisque
400 3144 435 3196 de
453 3161 503 3196 suo
527 3144 695 3207 ministerio,
719 3161 776 3197 nou
794 3141 846 3197 sub
867 3143 922 3195 alio
939 3143 985 3197 vel
1003 3159 1054 3214 per
1071 3141 1164 3200 alium,
1178 3135 1213 3186 niu
1224 3143 1253 3198 ptr

191 3234 219 3269 se
237 3218 336 3286 ipsum,
355 3215 444 3266 solum
467 3215 574 3279 Regem,
594 3215 639 3266 rel
658 3223 791 3284 quantum
811 3214 846 3266 ad
864 3213 1003 3280 Reginam,
1024 3212 1070 3266 vel
1086 3208 1206 3278 gloriosam
1217 3216 1252 3280 pre

190 3288 246 3339 lem
265 3285 342 3352 Regis
359 3283 558 3352 respiciebant,
584 3291 668 3352 caput
686 3293 832 3354 ponerent:
852 3292 1018 3335 nontamen
1038 3297 1126 3334 omnes
1150 3271 1252 3344 aequaliter

192 3357 227 3409 de
247 3355 359 3408 caeteris
377 3351 476 3417 rebus,
503 3355 550 3408 vel
569 3361 736 3406 caeterorum
760 3351 969 3407 necessitatibus
987 3354 1086 3418 Regem
1104 3347 1209 3402 adibant,
1227 3333 1250 3389 ssd

191 3443 318 3482 mensura
335 3443 385 3476 sua
402 3425 519 3494 quisque
537 3431 683 3476 contentus
702 3432 777 3487 erat,
798 3433 826 3476 et
843 3423 908 3483 ubi,
933 3420 980 3476 rel
997 3420 1046 3474 ubi
1069 3420 1133 3474 ratio
1156 3410 1249 3486 poscebat·

192 3497 322 3550 solatium
341 3496 452 3548 alterius
470 3492 633 3564 requirebat
675 3493 697 3545 tt
724 3493 824 3565 quibus
842 3491 987 3564 praecipue
1006 3491 1078 3553 duo,
1103 3489 1192 3548 idest,
1211 3481 1252 3548 dit

192 3565 343 3630 crisiarius,
370 3564 418 3636 qui
437 3573 551 3620 vocatur
574 3564 648 3631 apud
665 3582 715 3617 nos
732 3565 913 3634 Capelianus,
943 3562 988 3617 vel
1013 3557 1110 3615 Palatii
1135 3563 1217 3614 camos,
1233 3544 1252 3595 lt

192 3636 319 3692 omnibus
334 3634 450 3700 negotiis
468 3633 685 3699 Ecclesiasticis,
703 3633 748 3686 vel
766 3634 893 3686 ministris
911 3630 1068 3696 Ecclesiae3
1088 3637 1114 3682 et
1138 3639 1209 3678 comes
1225 3617 1252 3666 Pl·

191 3708 253 3762 latii
265 3707 306 3760 ds
325 3705 451 3757 omnibus
479 3703 665 3757 saecularibus
691 3703 799 3766 causis,
823 3705 869 3759 vel
894 3701 1003 3754 indiciis
1027 3693 1178 3769 suscipiendi
1197 3698 1252 3742 curtet

190 3781 325 3836 instanter
341 3773 499 3828 habebant:
518 3783 550 3827 ut
567 3791 620 3827 nec
639 3772 833 3836 Ecclesiastici‚
851 3790 904 3825 nec
922 3772 1073 3824 saeculares
1085 3767 1150 3839 prius
1162 3765 1252 3814 bonurn

191 3855 300 3917 Regem,
322 3845 426 3916 absque
445 3863 537 3898 eorum
557 3845 684 3896 consultu
701 3844 855 3914 inquietare
871 3857 984 3895 necesse
1000 3841 1137 3898 haberent,
1154 3833 1252 3903 (ιιιοιιιᾞῑε

192 3922 235 3975 illi
260 3917 470 3992 praeviderent,
497 3915 519 3966 si
544 3914 692 3968 necessitas
719 3922 805 3978 esset,
832 3905 865 3966 ist
890 3928 971 3965 causa
998 3919 1061 3964 ante
1084 3911 1171 3974 Regem
1191 3898 1252 3951 mento

192 3992 286 4046 venire
318 3986 440 4040 deberet.
484 3984 512 4036 Si
532 4001 600 4039 ¹*sero
629 3993 733 4036 secreta
760 3992 830 4037 esset
860 3999 958 4044 causa,
987 3979 1133 4053 quamprius
1165 3975 1252 4038 canisii

193 4070 251 4115 eret
277 4059 356 4125 Regi,
384 4073 466 4128 quam
493 4054 622 4126 cuiquam
646 4054 724 4106 alteri
743 4054 851 4118 dicere,
879 4051 997 4105 eundem
1016 4046 1120 4102 dicendi
1141 4045 1214 4095 locem
1230 4045 1252 4078 ⁰¹·

193 4135 255 4186 dem
283 4131 335 4200 ipsi
354 4144 419 4199 prae
440 4135 548 4178 arerent
570 4125 727 4178 introducto
744 4124 818 4194 prins
846 4127 934 4189 Rege,
960 4130 993 4174 ut
1015 4122 1068 4174 hoc
1089 4102 1251 4192 instandum

193 4217 335 4274 personae,
354 4199 399 4256 rel
416 4147 623 4265 donorabiliter,
643 4195 688 4255 rel
706 4195 852 4268 patienter,
872 4192 916 4254 rel
930 4191 1010 4246 etiam
1028 4181 1207 4244 misericorditer
1215 4183 1250 4223 rus·

196 4281 300 4345 ciperet
