2734 4990
613 315 807 367 sonantis·

160 548 278 626 laquo
299 534 513 620 supplicamus
536 535 747 596 excellentiae
761 539 935 600 sanctitatis
950 545 1072 598 vestrae
1092 547 1153 602 etc.
1174 551 1210 598 ut
1233 541 1270 597 in

162 628 240 688 actis
264 624 448 684 Sanctorum
470 617 592 678 ordinis
614 617 648 683 S.
664 619 827 679 Benedicti
848 621 969 680 saeculo
989 618 1048 683 IV.
1068 622 1204 700 portel.
1234 641 1271 700 p.

164 708 233 790 748.
255 703 405 765 ultimate
424 702 484 759 ista
505 713 609 761 assuta
629 712 701 758 suut
720 700 880 781 Epistolae
901 702 1029 762 Ioannis
1044 701 1104 761 IV.
1125 703 1250 784 Papae.

245 781 524 849 Excellentissimo
542 789 635 861 atque
658 781 800 862 piissimo
821 783 868 843 ill.
894 784 979 864 Rege
1002 782 1047 841 ill.
1074 783 1175 865 gratia
1203 783 1273 842 Dei

163 871 340 954 Episcopus
366 866 405 924 de
428 864 485 924 illo
507 864 624 945 oppido
651 884 714 922 nna
736 886 809 924 cum
835 865 990 925 coenobio
1014 864 1072 924 sub
1089 887 1154 944 quo
1175 886 1276 947 egre-

166 955 236 1036 gias
271 951 436 1011 confessor
462 946 508 1006 ill.
539 955 691 1027 patronus
721 956 827 1007 vester
853 948 886 1006 in
920 968 1052 1028 corpore
1078 947 1274 1028 requiescit.

165 1033 287 1099 Obuixi
302 1029 516 1112 supplicamus
535 1027 662 1088 culmen
681 1028 846 1108 regiminis
862 1030 961 1090 vestri
976 1039 1012 1089 ut
1024 1029 1082 1090 hos
1101 1029 1133 1087 in
1157 1029 1276 1090 Chris-

163 1129 197 1180 to
221 1118 334 1176 fratres
359 1119 483 1171 nostros
509 1110 581 1169 illos
611 1109 781 1171 monachos
804 1111 843 1170 de
878 1111 1015 1193 praefati
1040 1113 1274 1212 congregatio-

164 1197 309 1260 nisancti
327 1191 537 1273 ovilinos'ipsi
554 1191 716 1272 probabile
730 1192 883 1252 videntur
897 1215 959 1252 una
977 1214 1049 1254 cum
1063 1195 1196 1275 collegis
1215 1213 1275 1254 eo·

163 1303 237 1344 rum
250 1276 361 1340 vestris
376 1296 483 1334 secum
499 1274 647 1335 litterulis
661 1272 842 1355 exiguitatis
859 1285 983 1336 nostrae
1001 1277 1162 1338 obtutibus
1174 1297 1275 1358 prae·

164 1359 361 1426 cantaverint
383 1356 513 1436 benigni
539 1356 639 1438 recipi
662 1354 882 1418 Christianitas
895 1366 999 1419 vestra
1019 1358 1125 1418 iubeat
1146 1369 1178 1418 et
1198 1378 1273 1418 ves-

164 1456 214 1506 tro
237 1439 394 1503 adiutorio
415 1438 490 1497 falti
518 1437 579 1496 iter
608 1436 744 1496 arduum
764 1459 860 1518 quam
884 1460 940 1520 pro
968 1440 1151 1502 reverentia
1177 1437 1273 1500 beati

164 1526 254 1590 Petri
285 1522 439 1606 principis
472 1519 694 1600 Apostolorum
722 1523 929 1601 arripuerunt
958 1544 1058 1603 usque
1087 1523 1125 1582 ad
1149 1521 1275 1583 limina

164 1610 263 1692 ips1us
281 1605 383 1686 quieti
406 1601 581 1684 perficiant,
604 1602 689 1661 unde
717 1603 805 1662 vobis
828 1604 893 1685 ipse
915 1616 1040 1665 sanctus
1060 1604 1144 1683 apud
1159 1607 1274 1664 Deum

165 1693 360 1751 intercessor
383 1685 528 1760 adsistat,
548 1693 580 1742 et
606 1684 805 1743 infuturum
823 1687 1002 1747 mercedem
1027 1685 1117 1747 vobis
1140 1693 1275 1767 augeat.

164 1774 207 1836 Et
236 1770 352 1830 bamili
379 1787 473 1848 prece
503 1765 593 1826 vobis
625 1765 823 1847 deposcimus
851 1778 887 1828 nt
914 1770 998 1848 quod
1024 1769 1103 1828 bore
1132 1767 1275 1850 propria

164 1850 398 1938 postulaverint
422 1848 576 1908 serenitas
597 1858 699 1907 vestra
720 1849 859 1929 benigne
886 1851 1020 1931 recipiat
1049 1861 1080 1911 et
1105 1853 1145 1910 ad
1166 1849 1274 1910 effec-

166 1948 235 1997 tum
263 1933 440 2018 perducere
462 1929 586 1990 bonitas
614 1939 719 1990 vestra
748 1931 871 2000 iubeat;
894 1943 930 1991 ut
948 1933 973 1992 si
1005 1932 1129 1993 Christo
1152 1929 1274 2012 propi-

165 2021 211 2079 tio
234 2019 273 2078 ad
297 2037 353 2075 nos
374 2011 492 2073 reversi
516 2012 734 2092 fuerint,p1·o
760 2013 849 2072 vobis
882 2026 913 2074 et
940 2025 1023 2075 statu
1051 2014 1142 2096 regni
1164 2012 1273 2075 vestri

166 2100 390 2162 indesinenter
410 2115 500 2154 orare
515 2094 716 2154 delectentur
736 2117 893 2154 ——-r
914 2106 945 2156 te
961 2118 1093 2178 corpore
1116 2105 1148 2156 et
1166 2095 1274 2176 spiri-

166 2191 201 2244 tu
218 2181 273 2241 ille
291 2178 455 2251 samarita,
473 2176 506 2235 id
523 2185 579 2251 est,
595 2177 732 2236 salvator
752 2186 784 2236 et
795 2187 911 2252 custus,
927 2180 965 2238 de
981 2201 1044 2259 quo
1064 2179 1097 2237 in
1116 2178 1273 2238 Psalmo:

166 2266 239 2326 Non
262 2259 444 2320 dormitabit
467 2278 563 2338 neque
582 2258 717 2317 dormiet
735 2260 790 2338 qui
812 2261 948 2320 custodit
971 2261 1101 2323 Israhel.
1144 2259 1273 2336 Uthel,

167 2344 255 2426 quod
282 2343 510 2421 interpretatur
535 2339 629 2420 vigel.
664 2340 797 2420 Adrequ
817 2375 856 2386 —
885 2377 925 2388 -
951 2352 985 2401 ut
1010 2343 1109 2423 possis
1134 2341 1274 2403 diceret

165 2427 232 2504 Ego
264 2424 398 2484 dormivi
420 2433 450 2479 et
475 2441 530 2480 cor
555 2443 653 2479 nzeum
678 2422 791 2498 vigilat.
844 2425 961 2485 Valere
986 2424 1019 2484 in
1045 2423 1182 2483 Domino
1210 2445 1273 2484 vos

165 2519 308 2589 optamus
319 2538 360 2550 --
373 2501 647 2562 -sublimissime
668 2503 762 2584 Regis
779 2513 873 2584 atque
890 2505 1117 2586 optantissimc.
1139 2505 1275 2564 Salutat

165 2611 221 2652 vos
249 2586 366 2645 allatim
389 2605 498 2644 omnes
522 2620 554 2630 -
580 2618 619 2628 —
639 2618 679 2628 —
701 2607 719 2644 o
752 2588 851 2646 sancti
873 2587 960 2649 illius
985 2588 1158 2650 nobiscum.
1204 2587 1273 2646 Ille

164 2668 308 2752 quamvis
335 2675 484 2748 peccator
505 2664 771 2747 Archiepiscopus
789 2668 890 2730 fidens
920 2673 959 2732 de
981 2671 1121 2731 bonitate
1142 2667 1274 2730 Christi

165 2762 198 2812 et
219 2749 395 2813 serenitatis
414 2756 536 2807 vestrae
564 2749 668 2808 libens
693 2750 873 2830 subscripsi.

247 2836 374 2895 Summa
394 2830 600 2890 veneratione
623 2829 786 2911 diligendo
810 2842 842 2891 et
861 2832 952 2892 nobis
972 2833 1003 2891 in
1029 2853 1133 2893 amore
1155 2831 1275 2894 Chris-

165 2917 190 2976 ti
223 2914 402 2974 amabiliter
432 2911 644 2993 praeferendo
673 2922 705 2970 et
729 2913 762 2970 in
789 2915 909 2995 gremio
932 2915 1095 2976 Ecclesiae
1123 2935 1201 2974 sano
1231 2935 1273 2974 ac

164 2999 279 3060 devoto
304 2994 507 3078 gratuituque
532 2993 637 3052 animo
666 2997 918 3056 commendando
943 3006 1037 3080 atque
1062 2996 1198 3058 extalis
1221 2996 1275 3055 vi·

164 3081 252 3141 ribus
277 3101 348 3140 cum
372 3097 493 3136 summo
513 3074 651 3135 caritatis
671 3075 801 3136 vinculo
818 3079 1041 3160 amplectendo
1063 3079 1179 3137 domno
1196 3077 1274 3158 spi-

163 3162 315 3242 ritalique
343 3167 431 3240 patre
461 3158 508 3217 ill.
543 3165 651 3216 sancta
678 3158 835 3240 religione
864 3162 976 3222 sedulo
1000 3160 1106 3221 cuncti
1130 3159 1275 3240 quidem

162 3247 276 3304 fratres
304 3243 471 3301 beatorum
500 3249 673 3320 martyrum
701 3239 748 3299 ill.
783 3251 815 3301 et
842 3243 907 3304 suis
930 3237 1143 3302 cum'sanctis
1167 3241 1275 3302 sociis

163 3326 287 3410 proprii
316 3321 436 3382 servuli
459 3328 491 3380 ct
519 3331 672 3380 amatores
693 3355 734 3366 —
754 3357 795 3368 -
815 3332 962 3405 torosque
983 3324 1079 3384 vestri
1102 3344 1176 3404 prae
1200 3345 1275 3382 om·

165 3409 259 3468 nibus
287 3406 461 3467 salutemus
485 3403 575 3463 vobis
598 3401 631 3459 in
658 3403 796 3464 Domino
824 3406 897 3467 lesu
924 3406 1052 3466 Christo
1072 3403 1274 3466 salutatione

167 3489 302 3548 amabili.
343 3490 391 3546 De
423 3493 549 3560 cetero,
582 3484 720 3564 piissime
747 3496 854 3566 pater,
885 3490 999 3549 multas
1026 3487 1116 3548 vohis
1139 3487 1273 3567 agimus

164 3572 275 3632 laudes
297 3579 329 3630 et
346 3566 459 3648 gratias
481 3565 520 3624 de
544 3575 646 3624 vestra
666 3567 820 3626 melliflua
839 3571 967 3630 scedula
981 3569 1274 3651 pulcherrimaque

163 3673 296 3712 munera
318 3670 398 3730 quam
422 3647 516 3706 modo
545 3656 648 3707 vestra
670 3651 818 3710 sanctitas
841 3661 947 3712 nostra
975 3651 1082 3712 infima
1109 3650 1273 3732 parvitate

166 3737 293 3815 dignata
315 3732 376 3792 tuit
402 3749 581 3792 munerare.
622 3730 794 3811 Propterea
816 3745 917 3794 vestra
941 3733 1114 3815 comperiat
1139 3732 1273 3792 almitas

167 3817 242 3900 quia
267 3837 323 3875 nos
341 3811 373 3872 in
395 3832 460 3870 uno
483 3809 588 3891 positi,
607 3811 740 3872 relectas
761 3824 879 3875 vestras
899 3818 1030 3894 litteras,
1051 3814 1207 3875 continuo
1231 3824 1273 3872 ut

167 3921 217 3962 eas
241 3897 432 3968 audivimus,
460 3891 608 3973 gratulati
635 3893 711 3954 licet
731 3895 770 3954 de
791 3895 1026 3975 benedictione,
1048 3897 1103 3958 sed
1125 3895 1273 3954 multum

165 3979 283 4044 turbati
311 3979 350 4038 de
379 3983 483 4036 vestra
511 3973 726 4039 tribulatione.
781 3979 869 4053 Quid
897 4002 972 4062 ergo
1001 3981 1040 4040 de
1074 3977 1164 4040 vobis
1193 3975 1271 4056 agi-

166 4087 259 4138 mus,
290 4059 369 4142 quid
393 4059 542 4132 facimus,
573 4056 652 4137 quid
678 4057 864 4138 loquimur?
903 4064 1074 4137 Dolemus,
1110 4058 1271 4140 gemitum

163 4145 335 4216 babemus,
370 4138 458 4200 anxii
491 4159 622 4214 sumus,
654 4138 825 4200 consilium
857 4144 1055 4223 quaerimus3
1091 4141 1269 4221 statimque

164 4230 197 4289 in
213 4244 378 4290 commune
393 4240 551 4282 consensu
569 4221 777 4300 decrevimus,
793 4224 876 4286 sicut
893 4247 949 4287 uos
965 4226 1074 4290 diviua
1085 4225 1181 4286 docet
1197 4223 1268 4286 lec·
