2676 4976
176 286 248 360 526
629 307 819 364 rosunum

173 447 339 533 praedicto
365 445 561 508 Monasterio
587 445 620 508 in
645 447 745 529 agris,
772 446 890 530 pratis,
917 447 1034 534 sylvis,
1063 439 1147 531 aquis
1165 448 1242 536 aqua-
1313 447 1314 516 Ῠ

173 551 313 612 rumque
336 527 524 589 decursibus
549 535 581 590 et
604 530 752 589 omnibns
770 529 941 610 aedificiis,
962 553 998 593 ac
1021 532 1190 616 mancipiis,
1207 547 1242 598 at·
1313 525 1314 532 ἵ

173 633 237 696 quc
252 612 401 674 universa
413 610 624 692 supellectili:
647 610 710 672 nisi
736 619 879 690 tantum,
903 615 990 696 quod
1014 617 1162 698 mancipia
1180 639 1242 698 qnae
1313 653 1314 662 κ

172 696 293 778 iugiter
307 694 351 754 in,
365 693 459 753 domo
479 692 568 755 illius
583 695 764 756 consistunt
781 701 815 756 et
836 695 896 778 ipsi
914 697 1094 778 specialiter
1113 699 1243 776 serviunt,

173 789 264 841 extra
284 777 366 836 hanc
383 775 590 837 traditionem
605 775 792 857 relinquere
812 779 974 856 decrevit,
997 780 1098 840 donec
1115 783 1191 841 Deus
1209 783 1244 842 illi
1307 828 1310 845 ,

172 860 331 924 insinuari
356 855 504 941 dignatus
530 858 643 936 fuerit,
666 859 746 940 quid
771 859 810 920 de
835 859 905 922 istis
926 863 1101 923 secundum
1122 864 1243 923 volunta·

172 956 238 1008 tem
256 942 355 1025 ipsius
373 953 405 1003 et
424 939 596 1004 utilitatem
618 963 708 1002 suam
730 943 837 1003 t'accre
855 944 983 1010 debeat.
1027 945 1110 1006 Haec
1129 946 1243 1006 conditio

171 1027 311 1114 primum
335 1023 453 1106 placita
481 1031 513 1082 et
537 1027 620 1084 facta
645 1033 692 1085 est
717 1022 751 1082 in
775 1027 811 1085 N.
834 1026 914 1086 feria
937 1027 1008 1086 llll.
1039 1026 1107 1091 Vll.
1138 1027 1243 1088 Kalend.

172 1107 322 1174 Octobris
342 1127 449 1166 coram
465 1104 501 1170 N.
521 1107 649 1168 seniore
668 1106 809 1184 Comite,
833 1116 864 1166 et
884 1108 1069 1190 subscriptis
1085 1109 1245 1170 Procerihus
1311 1141 1312 1152 ἢ

173 1217 209 1256 ac
228 1190 387 1266 Plebeiis‚
409 1197 505 1268 atque
522 1191 670 1249 roborata
690 1189 790 1250 estin
812 1190 849 1250 N.
872 1192 912 1253 V.
929 1191 981 1252 die
1003 1191 1137 1253 Kalend.
1154 1213 1245 1252 earun-

173 1277 264 1350 dem,
287 1273 367 1333 feria
383 1272 439 1334 ΙΙΙ.
461 1291 568 1331 coram
582 1272 619 1330 N.
635 1271 759 1332 Comite
780 1271 912 1334 luniore
932 1283 964 1334 ct
978 1272 1176 1334 multitudine
1189 1275 1245 1336 Pro·

173 1377 285 1421 cerum
300 1378 337 1415 ac
353 1352 581 1434 Popularium,
604 1374 742 1434 quorum
756 1353 810 1414 hic
831 1355 925 1436 pauci
944 1357 1114 1416 admodum
1134 1357 1245 1416 suntad·

173 1439 285 1503 notati.
328 1436 463 1519 Signum
490 1438 521 1501 S.
542 1436 693 1518 Episcopi
717 1445 749 1496 et
767 1437 897 1498 Abbatis
918 1449 951 1499 et
973 1438 1127 1499 Advocati
1145 1439 1202 1497 eius
1217 1439 1244 1500 N.

173 1523 232 1604 qui
254 1520 338 1580 hanc
362 1519 540 1600 precariam
565 1519 634 1579 lieri
663 1519 895 1585 decreverunt.
939 1521 1075 1603 Signum
1095 1523 1166 1582 Dec.
1184 1519 1246 1580 Suu.

171 1601 350 1685 Praepositi
377 1603 462 1662 Port.
489 1602 610 1684 Hospit.
633 1600 715 1666 Ccll.
745 1603 830 1662 Cam.
854 1603 989 1685 Signum
1016 1613 1049 1666 et
1072 1603 1196 1663 aliorum
1213 1611 1247 1660 te·

172 1688 268 1750 stium
294 1684 351 1765 qui
379 1683 424 1742 ibi
453 1694 636 1765 praesentes
664 1684 807 1749 luerunt.
849 1685 985 1768 Signum
1019 1686 1103 1746 illud
1128 1694 1157 1744 et
1180 1680 1247 1743 illud.
1311 1711 1312 1756 p

171 1771 242 1852 Ego
258 1769 365 1848 itaque
395 1766 430 1830 N.
452 1767 559 1827 notavi
578 1766 646 1827 dies
666 1788 761 1848 supra
781 1767 923 1851 scriptos.
964 1766 1096 1830 Annum
1113 1767 1150 1828 N.
1166 1765 1248 1827 Comi·

172 1861 239 1915 tem
259 1851 331 1910 finis
347 1857 452 1910 cartae
469 1849 642 1931 precariae.

256 1933 313 1993 Ill.
336 1931 427 1992 Sicut
445 1930 581 2014 Augusti
601 1933 817 1992 Romanorum
838 1929 935 1994 totius
953 1933 1041 1994 orbis
1061 1928 1249 1995 Monarchiani
1311 1983 1312 1988 ,

150 2015 315 2104 ¹tenuisse
332 2015 460 2092 ferunt,
483 2015 527 2075 ita
540 2037 679 2076 summus
694 2014 846 2075 Pontifex
865 2015 898 2074 iu
917 2017 1000 2078 Sede
1016 2019 1154 2076 Romana
1172 2013 1249 2074 vicen
1313 2035 1314 2086 i

172 2098 258 2160 beati
283 2097 372 2158 Petri
399 2118 530 2178 gerens,
563 2097 661 2158 totius
689 2096 856 2158 Ecclesiae
880 2098 970 2180 apice
993 2099 1184 2161 sublimatur.
1216 2095 1250 2156 Dc

174 2203 239 2265 quo
259 2179 442 2240 Sardicensi
459 2181 607 2240 Concilio
626 2179 792 2254 statuitur,
815 2190 1007 2242 cunctorum
1022 2190 1137 2242 statuta
1152 2178 1250 2239 adeum
1313 2217 1314 2222 κ

171 2262 289 2326 referri
306 2261 440 2322 deberet
463 2261 561 2343 idque
583 2261 816 2322 observandum
834 2265 922 2343 quod
950 2265 1019 2346 ipse
1040 2261 1186 2326 statuerit
1218 2259 1251 2319 Si-

173 2355 317 2408 cutvcro
337 2365 477 2405 summus
498 2345 618 2405 saeculi
634 2353 732 2406 status
748 2353 803 2404 aut
826 2346 1043 2429 principatus,
1067 2355 1130 2406 non
1152 2351 1249 2404 tautum

173 2427 260 2510 apud
282 2428 462 2504 Romanos,
484 2447 596 2487 verum
619 2427 713 2487 etiam
739 2427 824 2508 apud
852 2429 987 2490 aliarum
1008 2429 1146 2511 partium
1167 2433 1250 2508 gentes

173 2510 252 2586 sirit,
275 2508 317 2566 ita
337 2517 369 2567 et
389 2508 469 2569 aliae
488 2508 652 2570 Ecclesiae
673 2510 821 2592 dignitati
838 2511 921 2571 sedis
940 2513 1142 2594 Apostolicac
1157 2517 1186 2569 et
1202 2509 1250 2565 llo·

173 2611 286 2653 manae
311 2591 555 2658 consociantur,
598 2592 687 2652 Idem
711 2591 937 2654 Antiochensis
964 2597 1004 2653 ins
1023 2595 1116 2670 Asia,
1141 2590 1250 2657 Alexan·

174 2675 288 2736 drinus
311 2672 344 2730 in
369 2672 486 2734 Africa.
529 2675 567 2736 ln
597 2673 747 2735 Concilio
773 2675 860 2736 enim
883 2677 1026 2738 Nicacno
1052 2675 1161 2736 harum
1178 2673 1251 2732 trium

172 2755 381 2842 privilegium
402 2757 619 2817 Ecclesiarum
645 2756 778 2818 caeteris
806 2758 952 2820 omnibus
974 2757 1209 2820 anteferendum
1225 2773 1252 2812 o·

173 2838 342 2902 stenditur.
393 2839 457 2898 Sed
484 2849 588 2920 potest
615 2840 713 2899 trium
742 2840 888 2901 locorum
916 2842 1093 2902 eminentia
1118 2839 1155 2900 ad
1178 2855 1252 2896 unam

173 2921 361 3004 dignitatem
380 2922 513 2981 referri:
538 2922 613 3002 quia
631 2922 664 2982 in
683 2921 807 2983 duobus
828 2923 943 2984 horum
959 2927 1076 2986 Petrus
1093 2924 1156 3005 ipse
1174 2918 1255 2993 sedit,

175 3014 294 3068 etcum
312 3003 524 3066 nihilominus
545 3006 630 3066 idem
648 3003 916 3083 Alexandrinam,
938 3027 996 3090 per
1016 3009 1157 3068 Marcum
1172 3001 1252 3062 lilium

173 3110 286 3164 suum,
304 3097 337 3148 ct
356 3087 587 3169 Evangelium,
610 3087 698 3166 quod
724 3082 763 3147 e'x
792 3109 846 3148 ore
876 3090 944 3151 cius
974 3089 1042 3172 ipse
1068 3091 1188 3150 Marcus
1209 3083 1253 3143 dc·

173 3171 362 3253 scripserat,
385 3191 474 3229 suam
497 3169 787 3242 effeceratsede1n;
809 3170 958 3232 similiter
972 3164 1252 3254 intelligendumde

171 3251 412 3335 Principatibus
429 3253 548 3314 saeculi
560 3277 567 3324 ;
597 3252 684 3332 quod
705 3253 847 3332 quamvis
867 3254 901 3313 in
925 3254 1056 3314 diversis
1078 3254 1159 3312 orbis
1176 3245 1253 3332 parti·

172 3336 233 3398 hus
259 3356 318 3418 per
347 3343 491 3415 tempora
519 3357 575 3396 sua
601 3333 774 3412 fulserint,
802 3343 907 3396 tamen
939 3337 978 3396 ud
1006 3337 1056 3396 ius
1081 3337 1251 3404 Romanum,

174 3418 267 3502 quasi
288 3438 391 3476 unum
410 3417 534 3498 apicem
552 3426 711 3499 postremo
735 3438 844 3480 omnes
871 3419 964 3479 relati
983 3427 1069 3478 sunt.
1113 3419 1253 3496 Compare

174 3510 229 3562 tur
245 3521 321 3580 ergo
340 3500 426 3579 Papa
449 3501 610 3560 Romanus
633 3497 784 3580 Augustis
802 3509 834 3562 et
851 3501 1053 3572 Caesaribus;
1075 3495 1253 3560 Patriarchae

173 3604 251 3645 vero
268 3579 436 3658 Patriciis,
458 3583 516 3662 qui
532 3579 627 3666 primi
644 3591 715 3664 post
735 3584 885 3644 Caesares
902 3585 935 3643 in
956 3581 1103 3666 Imperiis
1117 3580 1205 3640 fuisse
1220 3573 1254 3635 vi·

176 3666 314 3727 dentur:
336 3665 380 3720 ita
405 3673 437 3723 et
456 3665 527 3741 isti,
553 3663 610 3744 qui
635 3664 708 3725 satis
731 3665 824 3746 pauci
852 3675 947 3742 sunt,
973 3666 1069 3748 primi
1092 3673 1160 3746 post
1178 3659 1255 3721 trium

175 3747 308 3808 Sedium
333 3746 502 3807 Praesides
525 3745 704 3811 habentur.
744 3747 871 3809 Deinde
901 3747 1187 3830 ArcliiepiscopoS‚
1212 3737 1254 3822 qul

175 3829 253 3914 ipsis
282 3827 540 3909 Metropolitanis
570 3830 773 3910 praeminent
796 3831 934 3911 Regibus
959 3835 1166 3892 conteramus.
1202 3825 1254 3883 Hoc

177 3922 223 3974 est
240 3910 475 3986 Furinlanum,
495 3911 757 3992 Lugdunensem,
786 3913 1094 3996 illogontiacensem.
1116 3911 1255 3986 Metropo-

175 3996 293 4058 litanos
310 3994 577 4076 autemDucibus
597 4015 831 4076 comparemus,
854 3997 930 4077 quia
947 3996 1029 4064 sicut
1051 3992 1255 4077 Ducessiuguj

177 4081 282 4138 larum
304 4085 380 4138 sunt
400 4078 664 4154 Provinciarum,
695 4076 736 4135 ita
758 4086 791 4136 et
816 4079 847 4136 in
870 4079 1004 4160 singulis
1024 4074 1198 4140 Provinciis
1218 4068 1255 4127 ill!

176 4159 298 4243 singuli
324 4168 500 4242 ponuntur.
544 4160 635 4222 Unde
660 4167 692 4219 et
716 4161 749 4217 in
771 4159 1003 4222 calcedonensi
1024 4158 1168 4221 Concilio
1186 4152 1257 4212 iube·

176 4253 231 4304 tur
261 4262 306 4326 ne¹
329 4259 392 4302 uua
420 4239 591 4306 Provincia
633 4237 667 4304 in
698 4240 777 4304 duos
810 4242 1075 4330 Metropolitsnos
1108 4237 1256 4304 dividatur·
