<?xml version="1.0" encoding="UTF-8"?>
<!DOCTYPE html PUBLIC "-//W3C//DTD XHTML 1.0 Transitional//EN"
    "http://www.w3.org/TR/xhtml1/DTD/xhtml1-transitional.dtd">
<html xmlns="http://www.w3.org/1999/xhtml" xml:lang="en" lang="en">
 <head>
  <title>
</title>
<meta http-equiv="Content-Type" content="text/html;charset=utf-8" />
  <meta name='ocr-system' content='tesseract 3.04.00' />
  <meta name='ocr-capabilities' content='ocr_page ocr_carea ocr_par ocr_line ocrx_word'/>
</head>
<body>
  <div class='ocr_page' id='page_1' title='image "./corpusiurisgerm03visigoog_0106.png"; bbox 0 0 2734 4990; ppageno 0'>
   <div class='ocr_carea' id='block_1_1' title="bbox 423 221 1187 324">
    <p class='ocr_par' dir='ltr' id='par_1_1' title="bbox 423 221 1187 324">
     <span class='ocr_line' id='line_1_1' title="bbox 423 221 1187 324; baseline 0.01 -14"><span class='ocrx_word' id='word_1_1' title='bbox 423 285 428 300; x_wconf 78' lang='lat'><strong>·</strong></span> <span class='ocrx_word' id='word_1_2' title='bbox 484 257 766 312; x_wconf 75' lang='lat' dir='ltr'><strong>inaroivausrs</strong></span> <span class='ocrx_word' id='word_1_3' title='bbox 975 313 979 324; x_wconf 91' lang='grc'>,</span> <span class='ocrx_word' id='word_1_4' title='bbox 1115 221 1187 321; x_wconf 76' lang='grc'><strong>499</strong></span> 
     </span>
    </p>
   </div>
   <div class='ocr_carea' id='block_1_2' title="bbox 73 395 1226 1552">
    <p class='ocr_par' dir='ltr' id='par_1_2' title="bbox 73 395 1226 1552">
     <span class='ocr_line' id='line_1_2' title="bbox 82 395 1189 479; baseline 0.013 -19"><span class='ocrx_word' id='word_1_5' title='bbox 82 419 230 461; x_wconf 88' lang='lat' dir='ltr'><strong>meorum</strong></span> <span class='ocrx_word' id='word_1_6' title='bbox 256 395 287 458; x_wconf 91' lang='lat' dir='ltr'><strong>ei</strong></span> <span class='ocrx_word' id='word_1_7' title='bbox 308 397 425 479; x_wconf 82' lang='lat' dir='ltr'><strong>legibus</strong></span> <span class='ocrx_word' id='word_1_8' title='bbox 447 397 580 458; x_wconf 83' lang='lat' dir='ltr'>obvenit</span> <span class='ocrx_word' id='word_1_9' title='bbox 601 399 654 460; x_wconf 89' lang='lat' dir='ltr'><strong>vel</strong></span> <span class='ocrx_word' id='word_1_10' title='bbox 681 397 835 460; x_wconf 82' lang='lat' dir='ltr'>obvenire</span> <span class='ocrx_word' id='word_1_11' title='bbox 856 397 963 475; x_wconf 87' lang='lat' dir='ltr'><strong>debit,</strong></span> <span class='ocrx_word' id='word_1_12' title='bbox 997 415 1052 467; x_wconf 88' lang='lat' dir='ltr'><strong>ant</strong></span> <span class='ocrx_word' id='word_1_13' title='bbox 1085 407 1189 473; x_wconf 87' lang='lat' dir='ltr'><strong>iustis-</strong></span> 
     </span>
     <span class='ocr_line' id='line_1_3' title="bbox 80 479 1187 554; baseline 0.006 -9"><span class='ocrx_word' id='word_1_14' title='bbox 80 485 163 546; x_wconf 84' lang='lat' dir='ltr'><strong>sime</strong></span> <span class='ocrx_word' id='word_1_15' title='bbox 186 479 218 542; x_wconf 93' lang='lat' dir='ltr'><strong>ei</strong></span> <span class='ocrx_word' id='word_1_16' title='bbox 244 488 291 541; x_wconf 90' lang='lat' dir='ltr'><strong>est</strong></span> <span class='ocrx_word' id='word_1_17' title='bbox 310 481 524 545; x_wconf 77' lang='lat' dir='ltr'>reddebetum.</span> <span class='ocrx_word' id='word_1_18' title='bbox 565 481 593 541; x_wconf 90' lang='lat' dir='ltr'><strong>E</strong></span> <span class='ocrx_word' id='word_1_19' title='bbox 615 490 726 542; x_wconf 88' lang='lat' dir='ltr'><strong>contra</strong></span> <span class='ocrx_word' id='word_1_20' title='bbox 767 479 887 542; x_wconf 83' lang='lat' dir='ltr'><strong>arentia</strong></span> <span class='ocrx_word' id='word_1_21' title='bbox 905 481 972 544; x_wconf 84' lang='lat' dir='ltr'><strong>suis</strong></span> <span class='ocrx_word' id='word_1_22' title='bbox 995 489 1049 549; x_wconf 89' lang='lat' dir='ltr'><strong>vel</strong></span> <span class='ocrx_word' id='word_1_23' title='bbox 1074 501 1187 554; x_wconf 87' lang='lat' dir='ltr'><strong>contra</strong></span> 
     </span>
     <span class='ocr_line' id='line_1_4' title="bbox 83 502 1226 636; baseline 0.013 -13"><span class='ocrx_word' id='word_1_24' title='bbox 83 564 260 628; x_wconf 88' lang='lat' dir='ltr'><strong>cuiuslibet</strong></span> <span class='ocrx_word' id='word_1_25' title='bbox 286 561 444 622; x_wconf 86' lang='lat' dir='ltr'><strong>bominem</strong></span> <span class='ocrx_word' id='word_1_26' title='bbox 465 561 612 624; x_wconf 88' lang='lat' dir='ltr'><strong>accidere</strong></span> <span class='ocrx_word' id='word_1_27' title='bbox 638 564 689 624; x_wconf 92' lang='lat' dir='ltr'><strong>vel</strong></span> <span class='ocrx_word' id='word_1_28' title='bbox 714 502 887 624; x_wconf 77' lang='lat' dir='ltr'><strong>admallare</strong></span> <span class='ocrx_word' id='word_1_29' title='bbox 913 585 972 625; x_wconf 88' lang='lat' dir='ltr'><strong>seu</strong></span> <span class='ocrx_word' id='word_1_30' title='bbox 1000 576 1034 629; x_wconf 85' lang='lat' dir='ltr'><strong>et</strong></span> <span class='ocrx_word' id='word_1_31' title='bbox 1061 570 1186 636; x_wconf 79' lang='lat' dir='ltr'><strong>liticare</strong></span> <span class='ocrx_word' id='word_1_32' title='bbox 1223 593 1226 604; x_wconf 88' lang='lat'>&#39;</span> 
     </span>
     <span class='ocr_line' id='line_1_5' title="bbox 82 644 1187 726; baseline 0.015 -27"><span class='ocrx_word' id='word_1_33' title='bbox 82 646 185 709; x_wconf 80' lang='lat' dir='ltr'><strong>facias</strong></span> <span class='ocrx_word' id='word_1_34' title='bbox 214 645 351 724; x_wconf 87' lang='lat' dir='ltr'><strong>inspecto</strong></span> <span class='ocrx_word' id='word_1_35' title='bbox 379 644 436 704; x_wconf 89' lang='lat' dir='ltr'><strong>illo</strong></span> <span class='ocrx_word' id='word_1_36' title='bbox 464 645 634 724; x_wconf 88' lang='lat' dir='ltr'><strong>mandato,</strong></span> <span class='ocrx_word' id='word_1_37' title='bbox 669 666 767 726; x_wconf 88' lang='lat' dir='ltr'><strong>quem</strong></span> <span class='ocrx_word' id='word_1_38' title='bbox 793 645 827 704; x_wconf 93' lang='lat' dir='ltr'><strong>in</strong></span> <span class='ocrx_word' id='word_1_39' title='bbox 863 645 1057 716; x_wconf 73' lang='lat' dir='ltr'><strong>dulcissemo</strong></span> <span class='ocrx_word' id='word_1_40' title='bbox 1091 655 1187 718; x_wconf 91' lang='lat' dir='ltr'><strong>iocali</strong></span> 
     </span>
     <span class='ocr_line' id='line_1_6' title="bbox 84 725 1187 809; baseline 0.009 -19"><span class='ocrx_word' id='word_1_41' title='bbox 84 752 159 791; x_wconf 91' lang='lat' dir='ltr'><strong>meo</strong></span> <span class='ocrx_word' id='word_1_42' title='bbox 181 728 236 788; x_wconf 92' lang='lat' dir='ltr'><strong>illo</strong></span> <span class='ocrx_word' id='word_1_43' title='bbox 255 727 315 803; x_wconf 86' lang='lat' dir='ltr'><strong>liei,</strong></span> <span class='ocrx_word' id='word_1_44' title='bbox 336 725 431 807; x_wconf 81' lang='lat' dir='ltr'><strong>gestis</strong></span> <span class='ocrx_word' id='word_1_45' title='bbox 453 727 705 809; x_wconf 83' lang='lat' dir='ltr'><strong>municipalibus</strong></span> <span class='ocrx_word' id='word_1_46' title='bbox 730 726 879 809; x_wconf 80' lang='lat' dir='ltr'><strong>adlegare</strong></span> <span class='ocrx_word' id='word_1_47' title='bbox 900 727 1044 800; x_wconf 82' lang='lat' dir='ltr'><strong>debeam.</strong></span> <span class='ocrx_word' id='word_1_48' title='bbox 1088 737 1187 799; x_wconf 87' lang='lat' dir='ltr'><strong>Curia</strong></span> 
     </span>
     <span class='ocr_line' id='line_1_7' title="bbox 85 809 1187 903; baseline 0.01 -30"><span class='ocrx_word' id='word_1_49' title='bbox 85 833 166 874; x_wconf 85' lang='lat' dir='ltr'><strong>vero</strong></span> <span class='ocrx_word' id='word_1_50' title='bbox 187 809 347 870; x_wconf 87' lang='lat' dir='ltr'><strong>dixerunt:</strong></span> <span class='ocrx_word' id='word_1_51' title='bbox 379 809 551 885; x_wconf 87' lang='lat' dir='ltr'><strong>Mondato,</strong></span> <span class='ocrx_word' id='word_1_52' title='bbox 574 831 671 892; x_wconf 90' lang='lat' dir='ltr'><strong>quem</strong></span> <span class='ocrx_word' id='word_1_53' title='bbox 692 809 753 870; x_wconf 90' lang='lat' dir='ltr'><strong>tibi</strong></span> <span class='ocrx_word' id='word_1_54' title='bbox 781 809 899 872; x_wconf 89' lang='lat' dir='ltr'><strong>babere</strong></span> <span class='ocrx_word' id='word_1_55' title='bbox 922 811 1021 892; x_wconf 85' lang='lat' dir='ltr'><strong>dicis,</strong></span> <span class='ocrx_word' id='word_1_56' title='bbox 1051 819 1187 903; x_wconf 85' lang='lat' dir='ltr'><strong>accipiat</strong></span> 
     </span>
     <span class='ocr_line' id='line_1_8' title="bbox 85 890 1187 982; baseline 0.007 -26"><span class='ocrx_word' id='word_1_57' title='bbox 85 895 139 958; x_wconf 90' lang='lat' dir='ltr'><strong>vir</strong></span> <span class='ocrx_word' id='word_1_58' title='bbox 159 890 342 955; x_wconf 79' lang='lat' dir='ltr'><strong>venerabilis</strong></span> <span class='ocrx_word' id='word_1_59' title='bbox 366 890 417 951; x_wconf 92' lang='lat' dir='ltr'><strong>illi</strong></span> <span class='ocrx_word' id='word_1_60' title='bbox 442 891 606 954; x_wconf 90' lang='lat' dir='ltr'><strong>Diaoonus</strong></span> <span class='ocrx_word' id='word_1_61' title='bbox 628 901 661 954; x_wconf 90' lang='lat' dir='ltr'><strong>et</strong></span> <span class='ocrx_word' id='word_1_62' title='bbox 689 892 900 957; x_wconf 89' lang='lat' dir='ltr'><strong>amanuensis.</strong></span> <span class='ocrx_word' id='word_1_63' title='bbox 944 894 1007 958; x_wconf 91' lang='lat' dir='ltr'><strong>llle</strong></span> <span class='ocrx_word' id='word_1_64' title='bbox 1037 921 1187 982; x_wconf 86' lang='lat' dir='ltr'><strong>prosecu-</strong></span> 
     </span>
     <span class='ocr_line' id='line_1_9' title="bbox 89 973 1186 1058; baseline 0.008 -21"><span class='ocrx_word' id='word_1_65' title='bbox 89 986 141 1038; x_wconf 91' lang='lat' dir='ltr'><strong>tor</strong></span> <span class='ocrx_word' id='word_1_66' title='bbox 165 974 256 1036; x_wconf 83' lang='lat' dir='ltr'><strong>dixit:</strong></span> <span class='ocrx_word' id='word_1_67' title='bbox 293 975 387 1056; x_wconf 81' lang='lat' dir='ltr'><strong>Rogo</strong></span> <span class='ocrx_word' id='word_1_68' title='bbox 412 973 530 1034; x_wconf 89' lang='lat' dir='ltr'><strong>domno</strong></span> <span class='ocrx_word' id='word_1_69' title='bbox 558 974 637 1036; x_wconf 83' lang='lat' dir='ltr'><strong>meis</strong></span> <span class='ocrx_word' id='word_1_70' title='bbox 669 973 818 1036; x_wconf 90' lang='lat' dir='ltr'><strong>omnibus</strong></span> <span class='ocrx_word' id='word_1_71' title='bbox 847 975 1004 1058; x_wconf 90' lang='lat' dir='ltr'><strong>puplicis,</strong></span> <span class='ocrx_word' id='word_1_72' title='bbox 1040 991 1077 1042; x_wconf 85' lang='lat' dir='ltr'><strong>nt</strong></span> <span class='ocrx_word' id='word_1_73' title='bbox 1102 983 1186 1046; x_wconf 85' lang='lat' dir='ltr'><strong>sicut</strong></span> 
     </span>
     <span class='ocr_line' id='line_1_10' title="bbox 85 1055 1186 1139; baseline 0.011 -20"><span class='ocrx_word' id='word_1_74' title='bbox 85 1057 256 1120; x_wconf 89' lang='lat' dir='ltr'><strong>mandatum</strong></span> <span class='ocrx_word' id='word_1_75' title='bbox 281 1055 406 1118; x_wconf 91' lang='lat' dir='ltr'><strong>iustum</strong></span> <span class='ocrx_word' id='word_1_76' title='bbox 426 1055 551 1136; x_wconf 79' lang='lat' dir='ltr'><strong>legibus</strong></span> <span class='ocrx_word' id='word_1_77' title='bbox 572 1055 764 1138; x_wconf 82' lang='lat' dir='ltr'><strong>cognovistis</strong></span> <span class='ocrx_word' id='word_1_78' title='bbox 792 1078 860 1118; x_wconf 89' lang='lat' dir='ltr'><strong>esse</strong></span> <span class='ocrx_word' id='word_1_79' title='bbox 889 1057 1028 1139; x_wconf 84' lang='lat' dir='ltr'><strong>factam,</strong></span> <span class='ocrx_word' id='word_1_80' title='bbox 1066 1074 1102 1126; x_wconf 89' lang='lat' dir='ltr'><strong>nt</strong></span> <span class='ocrx_word' id='word_1_81' title='bbox 1126 1067 1186 1130; x_wconf 87' lang='lat' dir='ltr'><strong>do·</strong></span> 
     </span>
     <span class='ocr_line' id='line_1_11' title="bbox 84 1138 1185 1221; baseline 0.008 -19"><span class='ocrx_word' id='word_1_82' title='bbox 84 1153 144 1202; x_wconf 87' lang='lat' dir='ltr'><strong>tem</strong></span> <span class='ocrx_word' id='word_1_83' title='bbox 164 1159 255 1220; x_wconf 89' lang='lat' dir='ltr'><strong>quem</strong></span> <span class='ocrx_word' id='word_1_84' title='bbox 278 1159 360 1220; x_wconf 88' lang='lat' dir='ltr'><strong>prae</strong></span> <span class='ocrx_word' id='word_1_85' title='bbox 383 1140 529 1200; x_wconf 84' lang='lat' dir='ltr'><strong>manibus</strong></span> <span class='ocrx_word' id='word_1_86' title='bbox 558 1141 668 1218; x_wconf 90' lang='lat' dir='ltr'><strong>tenio,</strong></span> <span class='ocrx_word' id='word_1_87' title='bbox 698 1138 788 1200; x_wconf 81' lang='lat' dir='ltr'><strong>vobis</strong></span> <span class='ocrx_word' id='word_1_88' title='bbox 813 1142 1034 1221; x_wconf 84' lang='lat' dir='ltr'><strong>praesentibus</strong></span> <span class='ocrx_word' id='word_1_89' title='bbox 1056 1145 1090 1207; x_wconf 93' lang='lat' dir='ltr'><strong>in</strong></span> <span class='ocrx_word' id='word_1_90' title='bbox 1114 1148 1185 1211; x_wconf 84' lang='lat' dir='ltr'><strong>foro</strong></span> 
     </span>
     <span class='ocr_line' id='line_1_12' title="bbox 78 1219 1186 1312; baseline 0.011 -32"><span class='ocrx_word' id='word_1_91' title='bbox 78 1223 201 1306; x_wconf 86' lang='lat' dir='ltr'><strong>puplico</strong></span> <span class='ocrx_word' id='word_1_92' title='bbox 220 1219 361 1282; x_wconf 89' lang='lat' dir='ltr'><strong>iobeatis</strong></span> <span class='ocrx_word' id='word_1_93' title='bbox 381 1221 522 1282; x_wconf 87' lang='lat' dir='ltr'><strong>recitari.</strong></span> <span class='ocrx_word' id='word_1_94' title='bbox 549 1220 650 1283; x_wconf 87' lang='lat' dir='ltr'><strong>Curia</strong></span> <span class='ocrx_word' id='word_1_95' title='bbox 668 1240 746 1283; x_wconf 88' lang='lat' dir='ltr'><strong>vero</strong></span> <span class='ocrx_word' id='word_1_96' title='bbox 765 1221 934 1282; x_wconf 84' lang='lat' dir='ltr'><strong>dixerunt:</strong></span> <span class='ocrx_word' id='word_1_97' title='bbox 955 1225 1073 1288; x_wconf 90' lang='lat' dir='ltr'><strong>Dotem</strong></span> <span class='ocrx_word' id='word_1_98' title='bbox 1087 1250 1186 1312; x_wconf 84' lang='lat' dir='ltr'><strong>quem</strong></span> 
     </span>
     <span class='ocr_line' id='line_1_13' title="bbox 78 1301 1185 1384; baseline 0.016 -27"><span class='ocrx_word' id='word_1_99' title='bbox 78 1316 106 1366; x_wconf 69' lang='lat' dir='ltr'><strong>te</strong></span> <span class='ocrx_word' id='word_1_100' title='bbox 125 1304 201 1366; x_wconf 82' lang='lat' dir='ltr'><strong>dicis</strong></span> <span class='ocrx_word' id='word_1_101' title='bbox 225 1323 304 1384; x_wconf 91' lang='lat' dir='ltr'><strong>prae</strong></span> <span class='ocrx_word' id='word_1_102' title='bbox 326 1302 476 1363; x_wconf 85' lang='lat' dir='ltr'><strong>manibus</strong></span> <span class='ocrx_word' id='word_1_103' title='bbox 502 1303 662 1381; x_wconf 78' lang='lat' dir='ltr'><strong>retenire,</strong></span> <span class='ocrx_word' id='word_1_104' title='bbox 694 1301 744 1362; x_wconf 87' lang='lat' dir='ltr'><strong>illi</strong></span> <span class='ocrx_word' id='word_1_105' title='bbox 771 1302 933 1366; x_wconf 83' lang='lat' dir='ltr'><strong>Diaconos</strong></span> <span class='ocrx_word' id='word_1_106' title='bbox 954 1315 986 1367; x_wconf 91' lang='lat' dir='ltr'><strong>et</strong></span> <span class='ocrx_word' id='word_1_107' title='bbox 1007 1329 1185 1374; x_wconf 69' lang='lat' dir='ltr'><strong>mannen-</strong></span> 
     </span>
     <span class='ocr_line' id='line_1_14' title="bbox 74 1384 1185 1478; baseline 0.008 -28"><span class='ocrx_word' id='word_1_108' title='bbox 74 1387 113 1450; x_wconf 89' lang='lat' dir='ltr'><strong>sis</strong></span> <span class='ocrx_word' id='word_1_109' title='bbox 124 1384 308 1448; x_wconf 81' lang='lat' dir='ltr'><strong>Aodecavis</strong></span> <span class='ocrx_word' id='word_1_110' title='bbox 331 1385 463 1449; x_wconf 86' lang='lat' dir='ltr'><strong>civitate</strong></span> <span class='ocrx_word' id='word_1_111' title='bbox 474 1385 566 1448; x_wconf 89' lang='lat' dir='ltr'><strong>nobis</strong></span> <span class='ocrx_word' id='word_1_112' title='bbox 579 1385 801 1470; x_wconf 86' lang='lat' dir='ltr'><strong>praesentibus</strong></span> <span class='ocrx_word' id='word_1_113' title='bbox 816 1384 956 1469; x_wconf 86' lang='lat' dir='ltr'><strong>accipiat</strong></span> <span class='ocrx_word' id='word_1_114' title='bbox 972 1391 1185 1478; x_wconf 84' lang='lat' dir='ltr'><strong>relegendam</strong></span> 
     </span>
     <span class='ocr_line' id='line_1_15' title="bbox 73 1467 425 1552; baseline -0.003 -24"><span class='ocrx_word' id='word_1_115' title='bbox 73 1491 133 1552; x_wconf 87' lang='lat' dir='ltr'><strong>quo</strong></span> <span class='ocrx_word' id='word_1_116' title='bbox 161 1477 297 1552; x_wconf 86' lang='lat' dir='ltr'><strong>accepto</strong></span> <span class='ocrx_word' id='word_1_117' title='bbox 322 1467 425 1532; x_wconf 86' lang='lat' dir='ltr'><strong>dixit:</strong></span> 
     </span>
    </p>
   </div>
   <div class='ocr_carea' id='block_1_3' title="bbox 468 1598 784 1683">
    <p class='ocr_par' dir='ltr' id='par_1_3' title="bbox 468 1598 784 1683">
     <span class='ocr_line' id='line_1_16' title="bbox 468 1598 784 1683; baseline 0.006 -22"><span class='ocrx_word' id='word_1_118' title='bbox 468 1601 587 1683; x_wconf 82' lang='lat' dir='ltr'><strong>Incipit</strong></span> <span class='ocrx_word' id='word_1_119' title='bbox 607 1598 784 1663; x_wconf 82' lang='lat' dir='ltr'><strong>mandatus.</strong></span> 
     </span>
    </p>
   </div>
   <div class='ocr_carea' id='block_1_4' title="bbox 68 1713 1185 2625">
    <p class='ocr_par' dir='ltr' id='par_1_4' title="bbox 68 1713 1185 2625">
     <span class='ocr_line' id='line_1_17' title="bbox 146 1713 1185 1803; baseline 0.011 -26"><span class='ocrx_word' id='word_1_120' title='bbox 146 1717 277 1778; x_wconf 90' lang='lat' dir='ltr'><strong>Domno</strong></span> <span class='ocrx_word' id='word_1_121' title='bbox 289 1717 375 1778; x_wconf 88' lang='lat' dir='ltr'><strong>mihi</strong></span> <span class='ocrx_word' id='word_1_122' title='bbox 397 1716 492 1779; x_wconf 89' lang='lat' dir='ltr'><strong>ioeali</strong></span> <span class='ocrx_word' id='word_1_123' title='bbox 511 1737 583 1776; x_wconf 92' lang='lat' dir='ltr'><strong>meo</strong></span> <span class='ocrx_word' id='word_1_124' title='bbox 602 1716 669 1776; x_wconf 89' lang='lat' dir='ltr'><strong>illo.</strong></span> <span class='ocrx_word' id='word_1_125' title='bbox 709 1716 799 1797; x_wconf 84' lang='lat' dir='ltr'><strong>Rogo</strong></span> <span class='ocrx_word' id='word_1_126' title='bbox 822 1713 926 1797; x_wconf 89' lang='lat' dir='ltr'><strong>adque</strong></span> <span class='ocrx_word' id='word_1_127' title='bbox 948 1721 1095 1803; x_wconf 90' lang='lat' dir='ltr'><strong>supplico</strong></span> <span class='ocrx_word' id='word_1_128' title='bbox 1114 1723 1185 1788; x_wconf 90' lang='lat' dir='ltr'><strong>dul·</strong></span> 
     </span>
     <span class='ocr_line' id='line_1_18' title="bbox 70 1795 1184 1882; baseline 0.01 -22"><span class='ocrx_word' id='word_1_129' title='bbox 70 1795 189 1860; x_wconf 88' lang='lat' dir='ltr'><strong>cissima</strong></span> <span class='ocrx_word' id='word_1_130' title='bbox 209 1802 317 1882; x_wconf 83' lang='lat' dir='ltr'><strong>gratia</strong></span> <span class='ocrx_word' id='word_1_131' title='bbox 336 1809 460 1878; x_wconf 89' lang='lat' dir='ltr'><strong>vestra,</strong></span> <span class='ocrx_word' id='word_1_132' title='bbox 490 1807 527 1858; x_wconf 88' lang='lat' dir='ltr'><strong>ut</strong></span> <span class='ocrx_word' id='word_1_133' title='bbox 546 1798 587 1858; x_wconf 86' lang='lat' dir='ltr'><strong>ad</strong></span> <span class='ocrx_word' id='word_1_134' title='bbox 606 1799 710 1859; x_wconf 90' lang='lat' dir='ltr'><strong>vicem</strong></span> <span class='ocrx_word' id='word_1_135' title='bbox 738 1818 842 1858; x_wconf 84' lang='lat' dir='ltr'><strong>meam</strong></span> <span class='ocrx_word' id='word_1_136' title='bbox 863 1800 967 1862; x_wconf 90' lang='lat' dir='ltr'><strong>omnis</strong></span> <span class='ocrx_word' id='word_1_137' title='bbox 990 1806 1184 1871; x_wconf 78' lang='lat' dir='ltr'><strong>causationis</strong></span> 
     </span>
     <span class='ocr_line' id='line_1_19' title="bbox 70 1880 1183 1968; baseline 0.01 -29"><span class='ocrx_word' id='word_1_138' title='bbox 70 1881 191 1958; x_wconf 89' lang='lat' dir='ltr'><strong>nostris,</strong></span> <span class='ocrx_word' id='word_1_139' title='bbox 213 1891 283 1942; x_wconf 89' lang='lat' dir='ltr'><strong>tam</strong></span> <span class='ocrx_word' id='word_1_140' title='bbox 309 1883 344 1942; x_wconf 91' lang='lat' dir='ltr'><strong>in</strong></span> <span class='ocrx_word' id='word_1_141' title='bbox 369 1903 450 1964; x_wconf 81' lang='lat' dir='ltr'><strong>pago</strong></span> <span class='ocrx_word' id='word_1_142' title='bbox 478 1903 575 1964; x_wconf 89' lang='lat' dir='ltr'><strong>quam</strong></span> <span class='ocrx_word' id='word_1_143' title='bbox 603 1891 637 1941; x_wconf 88' lang='lat' dir='ltr'><strong>et</strong></span> <span class='ocrx_word' id='word_1_144' title='bbox 657 1881 690 1939; x_wconf 91' lang='lat' dir='ltr'><strong>in</strong></span> <span class='ocrx_word' id='word_1_145' title='bbox 718 1880 860 1962; x_wconf 89' lang='lat' dir='ltr'><strong>palacio,</strong></span> <span class='ocrx_word' id='word_1_146' title='bbox 895 1903 949 1948; x_wconf 87' lang='lat' dir='ltr'><strong>seo</strong></span> <span class='ocrx_word' id='word_1_147' title='bbox 978 1884 1012 1948; x_wconf 92' lang='lat' dir='ltr'><strong>in</strong></span> <span class='ocrx_word' id='word_1_148' title='bbox 1037 1888 1183 1968; x_wconf 89' lang='lat' dir='ltr'><strong>qnalibet</strong></span> 
     </span>
     <span class='ocr_line' id='line_1_20' title="bbox 68 1963 1182 2051; baseline 0.011 -28"><span class='ocrx_word' id='word_1_149' title='bbox 68 1964 134 2023; x_wconf 86' lang='lat' dir='ltr'><strong>loeo</strong></span> <span class='ocrx_word' id='word_1_150' title='bbox 155 1965 309 2026; x_wconf 90' lang='lat' dir='ltr'><strong>accidere</strong></span> <span class='ocrx_word' id='word_1_151' title='bbox 332 1965 471 2034; x_wconf 85' lang='lat' dir='ltr'><strong>faciatis;</strong></span> <span class='ocrx_word' id='word_1_152' title='bbox 503 1972 534 2025; x_wconf 87' lang='lat' dir='ltr'><strong>et</strong></span> <span class='ocrx_word' id='word_1_153' title='bbox 558 1964 630 2022; x_wconf 90' lang='lat' dir='ltr'><strong>illas</strong></span> <span class='ocrx_word' id='word_1_154' title='bbox 652 1963 818 2045; x_wconf 81' lang='lat' dir='ltr'><strong>portiones</strong></span> <span class='ocrx_word' id='word_1_155' title='bbox 846 1973 987 2042; x_wconf 88' lang='lat' dir='ltr'><strong>nostras,</strong></span> <span class='ocrx_word' id='word_1_156' title='bbox 1016 1990 1114 2051; x_wconf 87' lang='lat' dir='ltr'><strong>quem</strong></span> <span class='ocrx_word' id='word_1_157' title='bbox 1141 1993 1182 2037; x_wconf 84' lang='lat' dir='ltr'><strong>ex</strong></span> 
     </span>
     <span class='ocr_line' id='line_1_21' title="bbox 70 2045 1183 2129; baseline 0.011 -25"><span class='ocrx_word' id='word_1_158' title='bbox 70 2047 146 2106; x_wconf 87' lang='lat' dir='ltr'><strong>alote</strong></span> <span class='ocrx_word' id='word_1_159' title='bbox 166 2057 347 2129; x_wconf 85' lang='lat' dir='ltr'><strong>pareutum</strong></span> <span class='ocrx_word' id='word_1_160' title='bbox 361 2068 504 2108; x_wconf 90' lang='lat' dir='ltr'><strong>meorum</strong></span> <span class='ocrx_word' id='word_1_161' title='bbox 523 2045 603 2105; x_wconf 89' lang='lat' dir='ltr'><strong>mibi</strong></span> <span class='ocrx_word' id='word_1_162' title='bbox 624 2045 749 2126; x_wconf 80' lang='lat' dir='ltr'><strong>legibus</strong></span> <span class='ocrx_word' id='word_1_163' title='bbox 767 2045 936 2107; x_wconf 88' lang='lat' dir='ltr'><strong>obvenisse</strong></span> <span class='ocrx_word' id='word_1_164' title='bbox 957 2049 1009 2110; x_wconf 84' lang='lat' dir='ltr'><strong>vel</strong></span> <span class='ocrx_word' id='word_1_165' title='bbox 1028 2051 1183 2117; x_wconf 83' lang='lat' dir='ltr'><strong>obvenire</strong></span> 
     </span>
     <span class='ocr_line' id='line_1_22' title="bbox 71 2126 1182 2218; baseline 0.008 -30"><span class='ocrx_word' id='word_1_166' title='bbox 71 2128 170 2206; x_wconf 86' lang='lat' dir='ltr'><strong>debit,</strong></span> <span class='ocrx_word' id='word_1_167' title='bbox 192 2139 250 2190; x_wconf 91' lang='lat' dir='ltr'><strong>aut</strong></span> <span class='ocrx_word' id='word_1_168' title='bbox 273 2131 447 2192; x_wconf 85' lang='lat' dir='ltr'><strong>iustissime</strong></span> <span class='ocrx_word' id='word_1_169' title='bbox 467 2126 558 2190; x_wconf 88' lang='lat' dir='ltr'><strong>nobis</strong></span> <span class='ocrx_word' id='word_1_170' title='bbox 587 2137 633 2188; x_wconf 90' lang='lat' dir='ltr'><strong>est</strong></span> <span class='ocrx_word' id='word_1_171' title='bbox 654 2127 854 2206; x_wconf 86' lang='lat' dir='ltr'><strong>redebitum,</strong></span> <span class='ocrx_word' id='word_1_172' title='bbox 875 2127 956 2188; x_wconf 90' lang='lat' dir='ltr'><strong>haec</strong></span> <span class='ocrx_word' id='word_1_173' title='bbox 980 2143 1091 2194; x_wconf 87' lang='lat' dir='ltr'><strong>contra</strong></span> <span class='ocrx_word' id='word_1_174' title='bbox 1122 2158 1182 2218; x_wconf 84' lang='lat' dir='ltr'><strong>pa·</strong></span> 
     </span>
     <span class='ocr_line' id='line_1_23' title="bbox 71 2207 1182 2280; baseline 0.01 -10"><span class='ocrx_word' id='word_1_175' title='bbox 71 2210 164 2272; x_wconf 88' lang='lat' dir='ltr'><strong>rentis</strong></span> <span class='ocrx_word' id='word_1_176' title='bbox 185 2233 281 2274; x_wconf 87' lang='lat' dir='ltr'><strong>meus</strong></span> <span class='ocrx_word' id='word_1_177' title='bbox 306 2213 357 2273; x_wconf 90' lang='lat' dir='ltr'><strong>vel</strong></span> <span class='ocrx_word' id='word_1_178' title='bbox 379 2222 489 2273; x_wconf 87' lang='lat' dir='ltr'><strong>contra</strong></span> <span class='ocrx_word' id='word_1_179' title='bbox 511 2208 684 2270; x_wconf 89' lang='lat' dir='ltr'><strong>cuiuslibet</strong></span> <span class='ocrx_word' id='word_1_180' title='bbox 704 2207 872 2271; x_wconf 87' lang='lat' dir='ltr'><strong>bominum</strong></span> <span class='ocrx_word' id='word_1_181' title='bbox 892 2213 1037 2276; x_wconf 90' lang='lat' dir='ltr'><strong>accidere</strong></span> <span class='ocrx_word' id='word_1_182' title='bbox 1055 2216 1107 2280; x_wconf 92' lang='lat' dir='ltr'><strong>vel</strong></span> <span class='ocrx_word' id='word_1_183' title='bbox 1128 2217 1182 2280; x_wconf 84' lang='lat' dir='ltr'><strong>ad·</strong></span> 
     </span>
     <span class='ocr_line' id='line_1_24' title="bbox 73 2291 1178 2374; baseline 0.008 -25"><span class='ocrx_word' id='word_1_184' title='bbox 73 2293 195 2354; x_wconf 87' lang='lat' dir='ltr'><strong>mallare</strong></span> <span class='ocrx_word' id='word_1_185' title='bbox 216 2317 278 2356; x_wconf 86' lang='lat' dir='ltr'><strong>seu</strong></span> <span class='ocrx_word' id='word_1_186' title='bbox 307 2294 471 2355; x_wconf 76' lang='lat' dir='ltr'><strong>adliticare</strong></span> <span class='ocrx_word' id='word_1_187' title='bbox 493 2292 626 2356; x_wconf 86' lang='lat' dir='ltr'><strong>faciatis.</strong></span> <span class='ocrx_word' id='word_1_188' title='bbox 667 2293 709 2352; x_wconf 89' lang='lat' dir='ltr'><strong>Et</strong></span> <span class='ocrx_word' id='word_1_189' title='bbox 734 2291 891 2374; x_wconf 89' lang='lat' dir='ltr'><strong>quicquid</strong></span> <span class='ocrx_word' id='word_1_190' title='bbox 920 2293 1038 2360; x_wconf 84' lang='lat' dir='ltr'><strong>exinde</strong></span> <span class='ocrx_word' id='word_1_191' title='bbox 1061 2299 1102 2359; x_wconf 91' lang='lat' dir='ltr'><strong>ad</strong></span> <span class='ocrx_word' id='word_1_192' title='bbox 1127 2298 1178 2362; x_wconf 90' lang='lat' dir='ltr'><strong>vi-</strong></span> 
     </span>
     <span class='ocr_line' id='line_1_25' title="bbox 70 2373 1178 2460; baseline 0.008 -27"><span class='ocrx_word' id='word_1_193' title='bbox 70 2395 134 2434; x_wconf 88' lang='lat' dir='ltr'><strong>cem</strong></span> <span class='ocrx_word' id='word_1_194' title='bbox 153 2387 302 2438; x_wconf 89' lang='lat' dir='ltr'><strong>nostram</strong></span> <span class='ocrx_word' id='word_1_195' title='bbox 323 2378 444 2459; x_wconf 85' lang='lat' dir='ltr'><strong>egeris,</strong></span> <span class='ocrx_word' id='word_1_196' title='bbox 470 2375 604 2453; x_wconf 88' lang='lat' dir='ltr'><strong>feceris,</strong></span> <span class='ocrx_word' id='word_1_197' title='bbox 628 2373 814 2460; x_wconf 80' lang='lat' dir='ltr'><strong>gesserisve,</strong></span> <span class='ocrx_word' id='word_1_198' title='bbox 837 2375 956 2458; x_wconf 77' lang='lat' dir='ltr'><strong>etenim</strong></span> <span class='ocrx_word' id='word_1_199' title='bbox 977 2399 1027 2440; x_wconf 87' lang='lat' dir='ltr'><strong>me</strong></span> <span class='ocrx_word' id='word_1_200' title='bbox 1049 2373 1178 2442; x_wconf 90' lang='lat' dir='ltr'><strong>babitu·</strong></span> 
     </span>
     <span class='ocr_line' id='line_1_26' title="bbox 70 2457 1178 2542; baseline 0.012 -26"><span class='ocrx_word' id='word_1_201' title='bbox 70 2477 223 2522; x_wconf 85' lang='lat' dir='ltr'><strong>ramesse</strong></span> <span class='ocrx_word' id='word_1_202' title='bbox 247 2481 425 2542; x_wconf 83' lang='lat' dir='ltr'><strong>cognoscas</strong></span> <span class='ocrx_word' id='word_1_203' title='bbox 446 2468 579 2523; x_wconf 88' lang='lat' dir='ltr'><strong>rectum.</strong></span> <span class='ocrx_word' id='word_1_204' title='bbox 620 2459 764 2518; x_wconf 83' lang='lat' dir='ltr'><strong>iuratum</strong></span> <span class='ocrx_word' id='word_1_205' title='bbox 785 2457 968 2528; x_wconf 84' lang='lat' dir='ltr'><strong>mandatum</strong></span> <span class='ocrx_word' id='word_1_206' title='bbox 998 2459 1178 2536; x_wconf 82' lang='lat' dir='ltr'><strong>Andecavia</strong></span> 
     </span>
     <span class='ocr_line' id='line_1_27' title="bbox 71 2538 521 2625; baseline 0.022 -27"><span class='ocrx_word' id='word_1_207' title='bbox 71 2538 200 2621; x_wconf 89' lang='lat' dir='ltr'><strong>civitate,</strong></span> <span class='ocrx_word' id='word_1_208' title='bbox 233 2541 338 2605; x_wconf 87' lang='lat' dir='ltr'><strong>Curia</strong></span> <span class='ocrx_word' id='word_1_209' title='bbox 358 2541 497 2625; x_wconf 88' lang='lat' dir='ltr'><strong>publiea.</strong></span> <span class='ocrx_word' id='word_1_210' title='bbox 519 2603 521 2608; x_wconf 89' lang='lat'>.</span> 
     </span>
    </p>
   </div>
   <div class='ocr_carea' id='block_1_5' title="bbox 491 2675 752 2758">
    <p class='ocr_par' dir='ltr' id='par_1_5' title="bbox 491 2675 752 2758">
     <span class='ocr_line' id='line_1_28' title="bbox 491 2675 752 2758; baseline 0.019 -25"><span class='ocrx_word' id='word_1_211' title='bbox 491 2675 611 2758; x_wconf 84' lang='lat' dir='ltr'><strong>Incipit</strong></span> <span class='ocrx_word' id='word_1_212' title='bbox 642 2676 752 2738; x_wconf 86' lang='lat' dir='ltr'><strong>cessio.</strong></span> 
     </span>
    </p>
   </div>
   <div class='ocr_carea' id='block_1_6' title="bbox 75 2787 1175 4276">
    <p class='ocr_par' dir='ltr' id='par_1_6' title="bbox 75 2787 1175 4276">
     <span class='ocr_line' id='line_1_29' title="bbox 143 2787 1174 2875; baseline 0.006 -27"><span class='ocrx_word' id='word_1_213' title='bbox 143 2788 344 2854; x_wconf 88' lang='lat' dir='ltr'><strong>Dulcissima</strong></span> <span class='ocrx_word' id='word_1_214' title='bbox 366 2797 484 2856; x_wconf 88' lang='lat' dir='ltr'><strong>etcum</strong></span> <span class='ocrx_word' id='word_1_215' title='bbox 501 2787 627 2872; x_wconf 81' lang='lat' dir='ltr'><strong>integro</strong></span> <span class='ocrx_word' id='word_1_216' title='bbox 647 2810 753 2849; x_wconf 89' lang='lat' dir='ltr'><strong>amore</strong></span> <span class='ocrx_word' id='word_1_217' title='bbox 776 2789 939 2870; x_wconf 79' lang='lat' dir='ltr'><strong>diligenda</strong></span> <span class='ocrx_word' id='word_1_218' title='bbox 961 2813 1174 2875; x_wconf 75' lang='lat' dir='ltr'><strong>sponsarum,</strong></span> 
     </span>
     <span class='ocr_line' id='line_1_30' title="bbox 75 2867 1175 2956; baseline 0.008 -30"><span class='ocrx_word' id='word_1_219' title='bbox 75 2867 134 2928; x_wconf 82' lang='lat' dir='ltr'><strong>filia</strong></span> <span class='ocrx_word' id='word_1_220' title='bbox 157 2871 271 2950; x_wconf 76' lang='lat' dir='ltr'><strong>illius,</strong></span> <span class='ocrx_word' id='word_1_221' title='bbox 304 2893 422 2934; x_wconf 88' lang='lat' dir='ltr'><strong>nomen</strong></span> <span class='ocrx_word' id='word_1_222' title='bbox 452 2871 519 2949; x_wconf 90' lang='lat' dir='ltr'><strong>illa,</strong></span> <span class='ocrx_word' id='word_1_223' title='bbox 542 2893 600 2953; x_wconf 82' lang='lat' dir='ltr'><strong>ego</strong></span> <span class='ocrx_word' id='word_1_224' title='bbox 624 2871 683 2936; x_wconf 92' lang='lat' dir='ltr'><strong>illi.</strong></span> <span class='ocrx_word' id='word_1_225' title='bbox 726 2873 768 2932; x_wconf 92' lang='lat' dir='ltr'><strong>Et</strong></span> <span class='ocrx_word' id='word_1_226' title='bbox 789 2873 877 2951; x_wconf 86' lang='lat' dir='ltr'><strong>quia,</strong></span> <span class='ocrx_word' id='word_1_227' title='bbox 898 2875 1039 2956; x_wconf 86' lang='lat' dir='ltr'><strong>propitio</strong></span> <span class='ocrx_word' id='word_1_228' title='bbox 1066 2879 1175 2948; x_wconf 78' lang='lat' dir='ltr'><strong>Domi-</strong></span> 
     </span>
     <span class='ocr_line' id='line_1_31' title="bbox 76 2951 1175 3034; baseline 0.008 -24"><span class='ocrx_word' id='word_1_229' title='bbox 76 2972 124 3029; x_wconf 89' lang='lat' dir='ltr'><strong>no,</strong></span> <span class='ocrx_word' id='word_1_230' title='bbox 143 2953 233 3015; x_wconf 86' lang='lat' dir='ltr'><strong>iuxta</strong></span> <span class='ocrx_word' id='word_1_231' title='bbox 259 2955 527 3018; x_wconf 88' lang='lat' dir='ltr'><strong>consuetudinem</strong></span> <span class='ocrx_word' id='word_1_232' title='bbox 546 2977 609 3014; x_wconf 90' lang='lat' dir='ltr'><strong>una</strong></span> <span class='ocrx_word' id='word_1_233' title='bbox 631 2976 704 3014; x_wconf 91' lang='lat' dir='ltr'><strong>cum</strong></span> <span class='ocrx_word' id='word_1_234' title='bbox 723 2954 888 3015; x_wconf 85' lang='lat' dir='ltr'><strong>voluntate</strong></span> <span class='ocrx_word' id='word_1_235' title='bbox 907 2966 1076 3034; x_wconf 89' lang='lat' dir='ltr'><strong>parentum</strong></span> <span class='ocrx_word' id='word_1_236' title='bbox 1104 2951 1175 3019; x_wconf 88' lang='lat' dir='ltr'><strong>tuo·</strong></span> 
     </span>
     <span class='ocr_line' id='line_1_32' title="bbox 76 3036 1174 3120; baseline 0.006 -26"><span class='ocrx_word' id='word_1_237' title='bbox 76 3054 140 3094; x_wconf 88' lang='lat' dir='ltr'><strong>rum</strong></span> <span class='ocrx_word' id='word_1_238' title='bbox 160 3038 326 3120; x_wconf 85' lang='lat' dir='ltr'><strong>sponsavi,</strong></span> <span class='ocrx_word' id='word_1_239' title='bbox 348 3037 485 3118; x_wconf 89' lang='lat' dir='ltr'><strong>proinde</strong></span> <span class='ocrx_word' id='word_1_240' title='bbox 512 3036 585 3098; x_wconf 92' lang='lat' dir='ltr'><strong>cido</strong></span> <span class='ocrx_word' id='word_1_241' title='bbox 609 3036 667 3095; x_wconf 89' lang='lat' dir='ltr'><strong>tibi</strong></span> <span class='ocrx_word' id='word_1_242' title='bbox 690 3037 729 3098; x_wconf 88' lang='lat' dir='ltr'><strong>dc</strong></span> <span class='ocrx_word' id='word_1_243' title='bbox 753 3056 822 3094; x_wconf 87' lang='lat' dir='ltr'><strong>rem</strong></span> <span class='ocrx_word' id='word_1_244' title='bbox 844 3039 1041 3117; x_wconf 82' lang='lat' dir='ltr'><strong>paupertatis</strong></span> <span class='ocrx_word' id='word_1_245' title='bbox 1063 3060 1174 3118; x_wconf 82' lang='lat' dir='ltr'><strong>meae,</strong></span> 
     </span>
     <span class='ocr_line' id='line_1_33' title="bbox 77 3117 1174 3202; baseline 0.006 -26"><span class='ocrx_word' id='word_1_246' title='bbox 77 3125 132 3176; x_wconf 85' lang='lat' dir='ltr'><strong>tam</strong></span> <span class='ocrx_word' id='word_1_247' title='bbox 153 3141 210 3201; x_wconf 87' lang='lat' dir='ltr'><strong>pro</strong></span> <span class='ocrx_word' id='word_1_248' title='bbox 240 3120 436 3202; x_wconf 88' lang='lat' dir='ltr'><strong>sponsalitia,</strong></span> <span class='ocrx_word' id='word_1_249' title='bbox 458 3141 554 3200; x_wconf 88' lang='lat' dir='ltr'><strong>quam</strong></span> <span class='ocrx_word' id='word_1_250' title='bbox 581 3140 640 3200; x_wconf 91' lang='lat' dir='ltr'><strong>pro</strong></span> <span class='ocrx_word' id='word_1_251' title='bbox 663 3118 806 3199; x_wconf 79' lang='lat' dir='ltr'><strong>largitate</strong></span> <span class='ocrx_word' id='word_1_252' title='bbox 828 3123 922 3194; x_wconf 89' lang='lat' dir='ltr'><strong>tuae,</strong></span> <span class='ocrx_word' id='word_1_253' title='bbox 942 3117 1005 3178; x_wconf 91' lang='lat' dir='ltr'><strong>boc</strong></span> <span class='ocrx_word' id='word_1_254' title='bbox 1032 3129 1080 3180; x_wconf 90' lang='lat' dir='ltr'><strong>est</strong></span> <span class='ocrx_word' id='word_1_255' title='bbox 1102 3143 1174 3182; x_wconf 87' lang='lat' dir='ltr'><strong>casa</strong></span> 
     </span>
     <span class='ocr_line' id='line_1_34' title="bbox 77 3195 1173 3286; baseline 0.004 -28"><span class='ocrx_word' id='word_1_256' title='bbox 77 3219 142 3261; x_wconf 90' lang='lat' dir='ltr'><strong>eum</strong></span> <span class='ocrx_word' id='word_1_257' title='bbox 166 3195 271 3263; x_wconf 89' lang='lat' dir='ltr'><strong>curte</strong></span> <span class='ocrx_word' id='word_1_258' title='bbox 285 3202 529 3278; x_wconf 88' lang='lat' dir='ltr'><strong>circumcincta,</strong></span> <span class='ocrx_word' id='word_1_259' title='bbox 551 3201 670 3262; x_wconf 86' lang='lat' dir='ltr'><strong>mobile</strong></span> <span class='ocrx_word' id='word_1_260' title='bbox 703 3209 736 3262; x_wconf 89' lang='lat' dir='ltr'><strong>et</strong></span> <span class='ocrx_word' id='word_1_261' title='bbox 752 3199 933 3276; x_wconf 89' lang='lat' dir='ltr'><strong>immobile,</strong></span> <span class='ocrx_word' id='word_1_262' title='bbox 956 3201 1068 3280; x_wconf 86' lang='lat' dir='ltr'><strong>silvas,</strong></span> <span class='ocrx_word' id='word_1_263' title='bbox 1098 3223 1173 3286; x_wconf 90' lang='lat' dir='ltr'><strong>pra-</strong></span> 
     </span>
     <span class='ocr_line' id='line_1_35' title="bbox 76 3280 1175 3366; baseline 0.004 -25"><span class='ocrx_word' id='word_1_264' title='bbox 76 3288 131 3358; x_wconf 84' lang='lat' dir='ltr'><strong>tus,</strong></span> <span class='ocrx_word' id='word_1_265' title='bbox 149 3305 308 3365; x_wconf 84' lang='lat' dir='ltr'><strong>pascuas,</strong></span> <span class='ocrx_word' id='word_1_266' title='bbox 339 3307 446 3366; x_wconf 88' lang='lat' dir='ltr'><strong>aquas,</strong></span> <span class='ocrx_word' id='word_1_267' title='bbox 469 3304 664 3364; x_wconf 88' lang='lat' dir='ltr'><strong>aquarumve</strong></span> <span class='ocrx_word' id='word_1_268' title='bbox 687 3281 885 3358; x_wconf 87' lang='lat' dir='ltr'><strong>decursibus,</strong></span> <span class='ocrx_word' id='word_1_269' title='bbox 908 3280 1025 3343; x_wconf 90' lang='lat' dir='ltr'><strong>iunctis</strong></span> <span class='ocrx_word' id='word_1_270' title='bbox 1047 3294 1081 3344; x_wconf 90' lang='lat' dir='ltr'><strong>et</strong></span> <span class='ocrx_word' id='word_1_271' title='bbox 1101 3285 1175 3345; x_wconf 93' lang='lat' dir='ltr'><strong>sub-</strong></span> 
     </span>
     <span class='ocr_line' id='line_1_36' title="bbox 77 3361 1173 3448; baseline 0.005 -27"><span class='ocrx_word' id='word_1_272' title='bbox 77 3361 197 3445; x_wconf 88' lang='lat' dir='ltr'><strong>iunctis,</strong></span> <span class='ocrx_word' id='word_1_273' title='bbox 220 3366 308 3428; x_wconf 86' lang='lat' dir='ltr'><strong>etin</strong></span> <span class='ocrx_word' id='word_1_274' title='bbox 333 3367 440 3427; x_wconf 76' lang='lat' dir='ltr'><strong>o&#39;mnia</strong></span> <span class='ocrx_word' id='word_1_275' title='bbox 460 3366 606 3447; x_wconf 78' lang='lat' dir='ltr'><strong>superins</strong></span> <span class='ocrx_word' id='word_1_276' title='bbox 624 3365 797 3439; x_wconf 89' lang='lat' dir='ltr'><strong>nominata,</strong></span> <span class='ocrx_word' id='word_1_277' title='bbox 818 3374 855 3424; x_wconf 89' lang='lat' dir='ltr'><strong>tu</strong></span> <span class='ocrx_word' id='word_1_278' title='bbox 878 3363 1060 3426; x_wconf 87' lang='lat' dir='ltr'><strong>dulcissima</strong></span> <span class='ocrx_word' id='word_1_279' title='bbox 1073 3388 1173 3448; x_wconf 89' lang='lat' dir='ltr'><strong>spon-</strong></span> 
     </span>
     <span class='ocr_line' id='line_1_37' title="bbox 78 3446 1175 3528; baseline 0.005 -24"><span class='ocrx_word' id='word_1_280' title='bbox 78 3466 107 3504; x_wconf 85' lang='lat' dir='ltr'><strong>sa</strong></span> <span class='ocrx_word' id='word_1_281' title='bbox 126 3471 214 3528; x_wconf 84' lang='lat' dir='ltr'><strong>mea,</strong></span> <span class='ocrx_word' id='word_1_282' title='bbox 233 3449 273 3510; x_wconf 88' lang='lat' dir='ltr'><strong>ad</strong></span> <span class='ocrx_word' id='word_1_283' title='bbox 301 3448 352 3510; x_wconf 92' lang='lat' dir='ltr'><strong>die</strong></span> <span class='ocrx_word' id='word_1_284' title='bbox 374 3449 546 3510; x_wconf 87' lang='lat' dir='ltr'><strong>filicissimo</strong></span> <span class='ocrx_word' id='word_1_285' title='bbox 572 3446 839 3528; x_wconf 77' lang='lat' dir='ltr'><strong>nuptiarumtibi</strong></span> <span class='ocrx_word' id='word_1_286' title='bbox 861 3468 921 3528; x_wconf 87' lang='lat' dir='ltr'><strong>per</strong></span> <span class='ocrx_word' id='word_1_287' title='bbox 948 3446 1030 3508; x_wconf 92' lang='lat' dir='ltr'><strong>banc</strong></span> <span class='ocrx_word' id='word_1_288' title='bbox 1051 3449 1175 3510; x_wconf 91' lang='lat' dir='ltr'><strong>cessio-</strong></span> 
     </span>
     <span class='ocr_line' id='line_1_38' title="bbox 79 3528 1174 3613; baseline 0 -23"><span class='ocrx_word' id='word_1_289' title='bbox 79 3548 115 3590; x_wconf 85' lang='lat' dir='ltr'><strong>ne</strong></span> <span class='ocrx_word' id='word_1_290' title='bbox 132 3532 237 3594; x_wconf 91' lang='lat' dir='ltr'><strong>dileco</strong></span> <span class='ocrx_word' id='word_1_291' title='bbox 251 3532 355 3611; x_wconf 85' lang='lat' dir='ltr'><strong>adque</strong></span> <span class='ocrx_word' id='word_1_292' title='bbox 377 3531 630 3607; x_wconf 87' lang='lat' dir='ltr'><strong>transfundo,·ut</strong></span> <span class='ocrx_word' id='word_1_293' title='bbox 650 3530 682 3588; x_wconf 91' lang='lat' dir='ltr'><strong>in</strong></span> <span class='ocrx_word' id='word_1_294' title='bbox 698 3539 771 3591; x_wconf 88' lang='lat' dir='ltr'><strong>tuae</strong></span> <span class='ocrx_word' id='word_1_295' title='bbox 788 3530 858 3590; x_wconf 90' lang='lat' dir='ltr'><strong>iure</strong></span> <span class='ocrx_word' id='word_1_296' title='bbox 874 3528 937 3590; x_wconf 89' lang='lat' dir='ltr'><strong>hoe</strong></span> <span class='ocrx_word' id='word_1_297' title='bbox 956 3551 1109 3613; x_wconf 89' lang='lat' dir='ltr'><strong>recepere</strong></span> <span class='ocrx_word' id='word_1_298' title='bbox 1128 3531 1174 3591; x_wconf 92' lang='lat' dir='ltr'><strong>di·</strong></span> 
     </span>
     <span class='ocr_line' id='line_1_39' title="bbox 79 3609 1172 3691; baseline 0.005 -23"><span class='ocrx_word' id='word_1_299' title='bbox 79 3609 154 3674; x_wconf 87' lang='lat' dir='ltr'><strong>beas.</strong></span> <span class='ocrx_word' id='word_1_300' title='bbox 180 3615 263 3675; x_wconf 92' lang='lat' dir='ltr'><strong>Cido</strong></span> <span class='ocrx_word' id='word_1_301' title='bbox 277 3613 336 3674; x_wconf 88' lang='lat' dir='ltr'><strong>tibi</strong></span> <span class='ocrx_word' id='word_1_302' title='bbox 350 3614 469 3674; x_wconf 87' lang='lat' dir='ltr'><strong>bracile</strong></span> <span class='ocrx_word' id='word_1_303' title='bbox 482 3613 608 3674; x_wconf 81' lang='lat' dir='ltr'><strong>valente</strong></span> <span class='ocrx_word' id='word_1_304' title='bbox 621 3611 743 3674; x_wconf 86' lang='lat' dir='ltr'><strong>solidus</strong></span> <span class='ocrx_word' id='word_1_305' title='bbox 756 3622 873 3689; x_wconf 81' lang='lat' dir='ltr'><strong>tantus,</strong></span> <span class='ocrx_word' id='word_1_306' title='bbox 886 3621 1040 3689; x_wconf 81' lang='lat' dir='ltr'><strong>toneneas</strong></span> <span class='ocrx_word' id='word_1_307' title='bbox 1056 3624 1172 3691; x_wconf 89' lang='lat' dir='ltr'><strong>tantos,</strong></span> 
     </span>
     <span class='ocr_line' id='line_1_40' title="bbox 79 3692 1173 3774; baseline 0.006 -24"><span class='ocrx_word' id='word_1_308' title='bbox 79 3692 204 3758; x_wconf 88' lang='lat' dir='ltr'><strong>lectario</strong></span> <span class='ocrx_word' id='word_1_309' title='bbox 225 3696 265 3756; x_wconf 87' lang='lat' dir='ltr'><strong>ad</strong></span> <span class='ocrx_word' id='word_1_310' title='bbox 284 3697 370 3758; x_wconf 90' lang='lat' dir='ltr'><strong>lecto</strong></span> <span class='ocrx_word' id='word_1_311' title='bbox 393 3695 507 3758; x_wconf 87' lang='lat' dir='ltr'><strong>vestito</strong></span> <span class='ocrx_word' id='word_1_312' title='bbox 531 3695 657 3755; x_wconf 89' lang='lat' dir='ltr'><strong>valente</strong></span> <span class='ocrx_word' id='word_1_313' title='bbox 681 3694 802 3756; x_wconf 87' lang='lat' dir='ltr'><strong>solidus</strong></span> <span class='ocrx_word' id='word_1_314' title='bbox 825 3703 942 3774; x_wconf 89' lang='lat' dir='ltr'><strong>tantus,</strong></span> <span class='ocrx_word' id='word_1_315' title='bbox 966 3693 1094 3758; x_wconf 87' lang='lat' dir='ltr'><strong>inaures</strong></span> <span class='ocrx_word' id='word_1_316' title='bbox 1114 3719 1173 3757; x_wconf 88' lang='lat' dir='ltr'><strong>au·</strong></span> 
     </span>
     <span class='ocr_line' id='line_1_41' title="bbox 80 3777 1172 3854; baseline 0.003 -19"><span class='ocrx_word' id='word_1_317' title='bbox 80 3794 141 3838; x_wconf 85' lang='lat' dir='ltr'><strong>reas</strong></span> <span class='ocrx_word' id='word_1_318' title='bbox 162 3779 291 3839; x_wconf 87' lang='lat' dir='ltr'><strong>valente</strong></span> <span class='ocrx_word' id='word_1_319' title='bbox 313 3779 440 3840; x_wconf 89' lang='lat' dir='ltr'><strong>soledus</strong></span> <span class='ocrx_word' id='word_1_320' title='bbox 464 3783 592 3854; x_wconf 88' lang='lat' dir='ltr'><strong>tantus,</strong></span> <span class='ocrx_word' id='word_1_321' title='bbox 623 3778 759 3840; x_wconf 87' lang='lat' dir='ltr'><strong>annolus</strong></span> <span class='ocrx_word' id='word_1_322' title='bbox 785 3777 926 3838; x_wconf 87' lang='lat' dir='ltr'><strong>valentes</strong></span> <span class='ocrx_word' id='word_1_323' title='bbox 954 3777 1076 3846; x_wconf 82' lang='lat' dir='ltr'><strong>solidus</strong></span> <span class='ocrx_word' id='word_1_324' title='bbox 1098 3787 1172 3838; x_wconf 90' lang='lat' dir='ltr'><strong>tan·</strong></span> 
     </span>
     <span class='ocr_line' id='line_1_42' title="bbox 81 3858 1172 3936; baseline 0.001 -21"><span class='ocrx_word' id='word_1_325' title='bbox 81 3865 134 3924; x_wconf 90' lang='lat' dir='ltr'><strong>tns.</strong></span> <span class='ocrx_word' id='word_1_326' title='bbox 174 3861 255 3922; x_wconf 91' lang='lat' dir='ltr'><strong>Cido</strong></span> <span class='ocrx_word' id='word_1_327' title='bbox 276 3860 333 3922; x_wconf 88' lang='lat' dir='ltr'><strong>tibi</strong></span> <span class='ocrx_word' id='word_1_328' title='bbox 355 3860 495 3922; x_wconf 90' lang='lat' dir='ltr'><strong>caballus</strong></span> <span class='ocrx_word' id='word_1_329' title='bbox 518 3882 591 3919; x_wconf 92' lang='lat' dir='ltr'><strong>cnm</strong></span> <span class='ocrx_word' id='word_1_330' title='bbox 607 3860 754 3920; x_wconf 88' lang='lat' dir='ltr'><strong>sambuca</strong></span> <span class='ocrx_word' id='word_1_331' title='bbox 776 3868 808 3920; x_wconf 89' lang='lat' dir='ltr'><strong>et</strong></span> <span class='ocrx_word' id='word_1_332' title='bbox 828 3858 934 3920; x_wconf 89' lang='lat' dir='ltr'><strong>omnia</strong></span> <span class='ocrx_word' id='word_1_333' title='bbox 954 3867 1089 3920; x_wconf 87' lang='lat' dir='ltr'><strong>stratura</strong></span> <span class='ocrx_word' id='word_1_334' title='bbox 1103 3880 1172 3936; x_wconf 85' lang='lat' dir='ltr'><strong>sua,</strong></span> 
     </span>
     <span class='ocr_line' id='line_1_43' title="bbox 81 3937 1174 4023; baseline 0.004 -27"><span class='ocrx_word' id='word_1_335' title='bbox 81 3937 167 4003; x_wconf 83' lang='lat' dir='ltr'><strong>boves</strong></span> <span class='ocrx_word' id='word_1_336' title='bbox 188 3953 305 4020; x_wconf 89' lang='lat' dir='ltr'><strong>tantus,</strong></span> <span class='ocrx_word' id='word_1_337' title='bbox 327 3958 438 4004; x_wconf 77' lang='lat' dir='ltr'><strong>vaccas</strong></span> <span class='ocrx_word' id='word_1_338' title='bbox 460 3964 532 4003; x_wconf 91' lang='lat' dir='ltr'><strong>cum</strong></span> <span class='ocrx_word' id='word_1_339' title='bbox 555 3951 725 4023; x_wconf 88' lang='lat' dir='ltr'><strong>sequentes</strong></span> <span class='ocrx_word' id='word_1_340' title='bbox 746 3951 864 4018; x_wconf 84' lang='lat' dir='ltr'><strong>tantus,</strong></span> <span class='ocrx_word' id='word_1_341' title='bbox 894 3941 962 4002; x_wconf 87' lang='lat' dir='ltr'><strong>ovis</strong></span> <span class='ocrx_word' id='word_1_342' title='bbox 986 3950 1103 4014; x_wconf 89' lang='lat' dir='ltr'><strong>tantus,</strong></span> <span class='ocrx_word' id='word_1_343' title='bbox 1125 3962 1174 4012; x_wconf 89' lang='lat' dir='ltr'><strong>so·</strong></span> 
     </span>
     <span class='ocr_line' id='line_1_44' title="bbox 83 4019 1174 4105; baseline 0.004 -27"><span class='ocrx_word' id='word_1_344' title='bbox 83 4019 149 4083; x_wconf 90' lang='lat' dir='ltr'><strong>lidis</strong></span> <span class='ocrx_word' id='word_1_345' title='bbox 168 4026 272 4091; x_wconf 84' lang='lat' dir='ltr'><strong>tantis.</strong></span> <span class='ocrx_word' id='word_1_346' title='bbox 313 4027 397 4087; x_wconf 89' lang='lat' dir='ltr'><strong>Haec</strong></span> <span class='ocrx_word' id='word_1_347' title='bbox 412 4025 518 4085; x_wconf 89' lang='lat' dir='ltr'><strong>omnia</strong></span> <span class='ocrx_word' id='word_1_348' title='bbox 539 4023 804 4105; x_wconf 84' lang='lat' dir='ltr'><strong>subscriptorem</strong></span> <span class='ocrx_word' id='word_1_349' title='bbox 826 4023 859 4081; x_wconf 91' lang='lat' dir='ltr'><strong>in</strong></span> <span class='ocrx_word' id='word_1_350' title='bbox 882 4032 954 4082; x_wconf 89' lang='lat' dir='ltr'><strong>tuae</strong></span> <span class='ocrx_word' id='word_1_351' title='bbox 976 4023 1047 4086; x_wconf 87' lang='lat' dir='ltr'><strong>iure</strong></span> <span class='ocrx_word' id='word_1_352' title='bbox 1064 4032 1097 4087; x_wconf 85' lang='lat' dir='ltr'><strong>et</strong></span> <span class='ocrx_word' id='word_1_353' title='bbox 1114 4021 1174 4082; x_wconf 91' lang='lat' dir='ltr'><strong>do·</strong></span> 
     </span>
     <span class='ocr_line' id='line_1_45' title="bbox 83 4103 1175 4188; baseline 0.005 -27"><span class='ocrx_word' id='word_1_354' title='bbox 83 4108 259 4170; x_wconf 88' lang='lat' dir='ltr'><strong>menacione</strong></span> <span class='ocrx_word' id='word_1_355' title='bbox 280 4106 342 4168; x_wconf 90' lang='lat' dir='ltr'><strong>hoc</strong></span> <span class='ocrx_word' id='word_1_356' title='bbox 367 4108 512 4188; x_wconf 87' lang='lat' dir='ltr'><strong>recipere</strong></span> <span class='ocrx_word' id='word_1_357' title='bbox 534 4106 659 4181; x_wconf 90' lang='lat' dir='ltr'><strong>debias,</strong></span> <span class='ocrx_word' id='word_1_358' title='bbox 688 4104 741 4167; x_wconf 89' lang='lat' dir='ltr'><strong>vel</strong></span> <span class='ocrx_word' id='word_1_359' title='bbox 765 4104 901 4187; x_wconf 89' lang='lat' dir='ltr'><strong>posteris</strong></span> <span class='ocrx_word' id='word_1_360' title='bbox 922 4105 1003 4181; x_wconf 90' lang='lat' dir='ltr'><strong>tuis,</strong></span> <span class='ocrx_word' id='word_1_361' title='bbox 1031 4104 1059 4182; x_wconf 74' lang='lat' dir='ltr'><strong>si</strong></span> <span class='ocrx_word' id='word_1_362' title='bbox 1089 4103 1175 4166; x_wconf 82' lang='lat' dir='ltr'><strong>inter</strong></span> 
     </span>
     <span class='ocr_line' id='line_1_46' title="bbox 83 4182 1175 4276; baseline -0.001 -27"><span class='ocrx_word' id='word_1_363' title='bbox 83 4206 136 4249; x_wconf 82' lang='lat' dir='ltr'><strong>aaa</strong></span> <span class='ocrx_word' id='word_1_364' title='bbox 155 4187 312 4276; x_wconf 88' lang='lat' dir='ltr'><strong>procreati</strong></span> <span class='ocrx_word' id='word_1_365' title='bbox 335 4191 478 4268; x_wconf 87' lang='lat' dir='ltr'><strong>suerunt,</strong></span> <span class='ocrx_word' id='word_1_366' title='bbox 502 4186 780 4270; x_wconf 84' lang='lat' dir='ltr'><strong>derelinquentis,</strong></span> <span class='ocrx_word' id='word_1_367' title='bbox 802 4185 888 4248; x_wconf 87' lang='lat' dir='ltr'><strong>salvo</strong></span> <span class='ocrx_word' id='word_1_368' title='bbox 913 4182 984 4252; x_wconf 88' lang='lat' dir='ltr'><strong>iure</strong></span> <span class='ocrx_word' id='word_1_369' title='bbox 1006 4187 1107 4274; x_wconf 79' lang='lat' dir='ltr'><strong>sancti</strong></span> <span class='ocrx_word' id='word_1_370' title='bbox 1132 4185 1175 4248; x_wconf 87' lang='lat' dir='ltr'><strong>it-</strong></span> 
     </span>
    </p>
   </div>
   <div class='ocr_carea' id='block_1_7' title="bbox 0 0 1383 4990">
    <p class='ocr_par' dir='ltr' id='par_1_7' title="bbox 0 0 1383 4990">
     <span class='ocr_line' id='line_1_47' title="bbox 0 0 1383 4990; baseline 0 0"><span class='ocrx_word' id='word_1_371' title='bbox 0 0 1383 4990; x_wconf 95' lang='lat' dir='ltr'><strong> </strong></span> 
     </span>
    </p>
   </div>
  </div>
 </body>
</html>
