2734 4990
516 301 778 361 tirossamen
1134 295 1208 374 417

95 463 237 524 sumque
253 437 287 501 in
302 451 492 525 perpetuum
505 462 573 505 esse
594 441 668 506 volo
688 443 854 525 portiones
872 467 956 510 meas
981 448 1015 512 in
1033 452 1106 516 loco
1124 477 1208 520 nun·

95 534 218 608 cupato
241 523 288 590 ill.
309 524 382 586 sitas
402 525 435 584 in
455 545 494 608 pa
517 546 537 586 o
552 525 600 588 ill.
614 547 696 606 quae
711 525 785 586 mihi
805 537 867 589 tarn
885 529 925 591 de
938 529 1031 595 alode
1052 540 1205 618 quamde

95 615 283 690 comparato
302 606 352 669 vel
375 606 414 668 de
434 545 581 688 quolibet
599 610 741 669 adtracto
764 607 912 689 advenit,
933 612 985 675 vel
1004 616 1130 700 legibus
1153 620 1208 683 ad·

96 688 214 753 venire
238 697 350 771 potest,
372 687 406 747 in
429 711 526 771 supra
540 699 713 752 memorato
726 691 810 768 loco,
830 701 894 752 tam
910 695 1016 774 terris,
1046 701 1205 782 domibus,

99 771 266 847 aedificiis,
280 770 458 852 mancipiis,
476 771 614 848 libertis,
636 773 814 850 accolabus,
826 775 941 836 merito
965 779 1203 864 accolouorum,

102 853 218 930 vineis,
239 853 339 928 silvis,
361 854 471 935 pratis,
494 853 629 936 pascuis,
652 855 780 936 campis,
803 855 908 933 cultis,
936 857 1078 941 incultis,
1100 866 1203 948 aquis,

102 957 293 1016 aquarumve
316 935 528 1013 decursibus,
552 935 723 996 mobilibus
742 946 775 998 et
795 936 1022 1022 immobilibus,
1044 966 1118 1008 cum
1140 970 1205 1009 om·

102 1019 195 1079 nibus
219 1017 458 1079 adiacentiis‘et
485 1018 685 1102 appendiciis
703 1019 756 1080 vel
781 1019 936 1083 colonicis
960 1025 1000 1084 ad
1023 1048 1075 1088 mc
1100 1031 1204 1112 perti-

102 1099 270 1178 uentibus,
292 1099 345 1160 vel
368 1099 456 1158 omni
483 1099 687 1182 integritate,
717 1099 770 1160 vel
795 1104 1015 1185 superposito,
1046 1109 1204 1193 quicquid

101 1181 164 1244 dici
187 1192 240 1242 aut
260 1179 420 1242 nominari
440 1189 544 1265 potest
569 1182 603 1240 in
621 1202 718 1264 supra
742 1192 918 1245 memorato
941 1209 1023 1270 pago
1048 1192 1101 1252 vel
1128 1193 1203 1256 1000

99 1285 195 1348 supra
222 1265 386 1325 nomioato
412 1263 464 1324 vel
496 1263 608 1344 ntique
637 1263 677 1323 de
703 1263 896 1345 supradictis
926 1265 1135 1362 portionibus
1158 1285 1205 1337 ta·

99 1367 178 1408 nere
197 1347 284 1407 visus
310 1367 391 1422 sum,
412 1353 515 1406 totum
541 1345 631 1406 etad
656 1343 819 1428 integrum
851 1347 870 1407 d
902 1347 954 1412 dre
974 1366 1142 1434 praesente
1162 1356 1204 1419 nd

98 1427 163 1489 iam
188 1437 399 1490 memoratum
429 1425 658 1489 Monosterium
683 1427 735 1488 vel
766 1427 807 1488 ad
838 1426 923 1511 ipsos
952 1435 1126 1500 Monachos
1158 1438 1204 1501 ibi

99 1513 312 1574 consistentes
334 1510 567 1592 perpetualiter
593 1509 686 1568 uado
713 1515 809 1590 atqn'e
842 1514 1032 1576 transfundo
1061 1519 1100 1580 de
1128 1543 1202 1584 meo

101 1595 172 1656 iure
195 1593 229 1653 in
253 1613 365 1654 eorum
389 1590 638 1652 dominationem
660 1590 701 1651 ad
724 1590 966 1674 possidendam,
988 1609 1025 1658 ut
1044 1601 1204 1684 quicquid

100 1678 119 1736 b
148 1677 200 1736 die
221 1682 390 1758 praesente
417 1672 534 1733 exinde
551 1673 657 1742 facere
679 1672 853 1752 volueriut,
875 1675 1011 1738 liberam
1033 1703 1069 1744 ac
1092 1683 1204 1748 firmis·

101 1756 214 1818 simam
241 1755 275 1815 in
312 1753 459 1817 omnibus
489 1753 841 1837 habeant'potestatem
869 1756 1021 1828 faciendi.
1073 1764 1107 1825 si
1130 1768 1204 1848 quis

102 1859 192 1916 vero,
213 1836 302 1918 quod
323 1836 392 1896 ficri
412 1857 475 1896 non
498 1836 614 1912 credo,
634 1835 667 1895 in
688 1837 855 1917 futurum,
880 1840 948 1902 sire
974 1863 1035 1926 ego
1048 1842 1128 1928 ipse,
1150 1857 1206 1912 sut

101 1920 188 1982 nllus
212 1921 251 1981 de
280 1917 452 1979 heredibus
475 1919 529 1980 vel
553 1917 785 2000 proheredibus
802 1920 901 1998 meis,
922 1933 979 1984 aut
1000 1925 1067 1986 ulla
1092 1930 1205 1994 emissa

98 2003 150 2063 vel
176 2001 320 2083 opposita
344 2021 500 2082 persona,
535 1999 587 2062 vel
610 1998 782 2081 quislibet,
810 2001 867 2084 qui
887 2013 999 2066 contra
1021 2005 1106 2070 bane
1130 2033 1202 2076 ces-

97 2083 222 2146 sionem
249 2105 363 2158 meam,
385 2103 482 2164 quam
502 2103 562 2164 ego
584 2081 670 2142 bona
689 2082 853 2144 voluntate
886 2085 957 2146 fieri
979 2098 1012 2150 et
1034 2091 1200 2158 adfirmare

97 2166 221 2248 rogavi,
245 2163 368 2242 venire,
388 2185 493 2246 agere,
516 2163 576 2223 aut
589 2163 766 2235 resultare,
798 2165 852 2228 vel
871 2167 1118 2254 quibuscunque
1136 2197 1202 2238 mo-
1268 2231 1272 2238 ,

99 2247 148 2310 dis
173 2256 319 2330 repetere
343 2255 398 2306 aut
420 2245 604 2329 infrangere
631 2253 763 2306 conatus
785 2248 896 2327 fuerit,
926 2271 987 2313 nec
1011 2252 1074 2316 boc
1093 2257 1200 2322 valeat

97 2328 264 2392 vindicare
286 2329 373 2410 quod
396 2328 528 2410 repetit,
552 2338 585 2389 et
604 2328 736 2410 insuper
758 2329 902 2410 partibus
927 2354 964 2394 su
988 2355 1023 2395 ra
1047 2358 1201 2402 memora·

51 2445 53 2450 ,
96 2410 122 2470 ti
142 2409 329 2472 Mouasterii
351 2411 403 2470 vel
436 2409 601 2494 Monacbis
622 2409 666 2469 ihi
691 2410 937 2476 consistentibus
963 2357 1098 2501 duplum
1124 2431 1199 2484 tan·
1272 2432 1276 2440 '

95 2503 166 2553 tum
199 2501 369 2575 quantum·
390 2490 475 2574 ipsae
501 2515 560 2554 res.
578 2514 618 2554 eo
645 2500 790 2576 tempore
822 2495 1006 2561 melioratae
1035 2501 1199 2566 valuerint

96 2585 277 2658 componat,
300 2584 332 2637 et
359 2573 492 2658 insuper
516 2573 602 2656 socio
628 2575 704 2636 fisco
734 2576 835 2636 multu
858 2577 929 2638 auri
957 2579 1073 2642 libram
1098 2606 1198 2647 unam

95 2666 224 2720 coactus
249 2659 413 2733 exsolvat,
442 2665 475 2718 et
499 2655 578 2717 haec
600 2657 701 2720 cessio
725 2656 981 2744 omnitempore
1007 2664 1098 2728 firma
1125 2689 1197 2754 per.

95 2746 236 2820 maneat,
265 2738 472 2822 stipulatione
494 2739 647 2804 subnexa.
687 2737 804 2800 Actum
823 2740 897 2804 loco
919 2743 988 2813 illo.

436 2871 574 2933 Donatio
595 2869 641 2932 ad
658 2893 763 2934 casam
782 2875 853 2937 Dei.

98 2997 102 3004 '
178 2983 302 3049 XVIII.
344 2983 405 3046 ille
432 2984 516 3045 bene
540 2984 682 3069 possidet
701 3007 754 3048 res
782 2986 816 3048 in
846 2988 958 3050 seculo
987 2993 1126 3074 quisibi
1152 3000 1192 3062 da

94 3067 234 3130 terrenis
256 3089 314 3128 seu
335 3067 373 3128 de
405 3066 530 3128 caducis
549 3063 645 3128 rebus
669 3076 831 3150 comparat
858 3071 998 3150 praemia
1023 3077 1192 3160 sempiter.

91 3172 144 3216 na.
187 3151 389 3232 Quapropter
411 3171 469 3230 ego
496 3148 530 3209 in
553 3150 614 3210 Dei
639 3149 770 3210 nomine
791 3149 867 3226 ille,
898 3172 1026 3214 necnon
1052 3166 1085 3217 et
1112 3180 1192 3220 con-

89 3234 149 3295 iux
169 3254 252 3307 mea,
280 3233 370 3291 ambo
388 3232 506 3314 pariter
525 3230 701 3314 cogitantes
722 3231 760 3291 de
786 3231 848 3292 Dei
869 3232 983 3296 timore
1007 3238 1061 3302 vet
1088 3249 1193 3304 aeter·
1253 3273 1257 3280 ·

88 3337 132 3376 na
159 3315 390 3390 retributione,
422 3324 588 3395 propterea
610 3313 785 3388 donamus,
813 3313 967 3378 tradimus
990 3319 1114 3399 aliquas
1138 3346 1191 3386 res

86 3408 215 3460 nostras
231 3397 271 3457 ad
284 3396 512 3458 Monosterium
530 3395 619 3476 quod
635 3395 753 3456 dicitur
768 3395 815 3461 ill.
831 3397 919 3478 quod
938 3399 1120 3464 dedicatum
1139 3426 1189 3467 es·

85 3503 121 3542 se
147 3479 327 3542 dinoscitur
347 3478 379 3538 iu
405 3479 564 3538 honorem
588 3476 824 3554 Sanctiillius,
847 3479 902 3540 ubi
925 3485 1118 3548 venerabilis
1138 3488 1189 3550 vir

84 3563 147 3625 ille
168 3565 287 3623 Rector
316 3582 458 3644 pracesse
481 3559 618 3623 videtur.
669 3562 832 3622 Donamus
853 3562 951 3643 igitur
974 3572 1006 3624 et
1032 3567 1188 3633 donatum

84 3646 119 3706 in
155 3654 310 3728 perpetuo
334 3643 569 3705 essevolumus
593 3641 653 3702 hoc
675 3653 721 3704 est
731 3676 749 3720 ,·
765 3641 798 3701 in
826 3666 906 3725 pago
929 3645 978 3707 ill.
1000 3664 1185 3736 nuncupato
1249 3709 1253 3716 ,

82 3728 133 3790 ill.
158 3726 258 3806 flutio
281 3726 328 3794 ill.
349 3748 474 3786 mansos
496 3731 621 3801 tantos,
642 3745 715 3784 cum
741 3723 924 3788 homiuibus
953 3727 1073 3792 ibidem
1097 3757 1186 3797 com.

82 3809 292 3872 manentibus
313 3809 364 3870 vel
392 3807 619 3890 aspicientibus
641 3806 687 3873 ill.
708 3807 759 3868 rel
786 3806 834 3872 ill.
858 3831 932 3870 cum
951 3809 1109 3890 domibus,
1132 3840 1187 3879 ac-

82 3891 226 3969 dificiis,
250 3891 428 3968 curtiferis,
451 3889 684 3968 cumnndris,
707 3889 844 3970 campis,
873 3891 985 3968 terris,
1005 3903 1070 3956 tam
1089 3901 1186 3964 cultis

81 3997 184 4059 quam
206 3983 239 4035 et
258 3973 401 4049 incultis,
423 3971 522 4050 silvis,
549 3971 666 4052 pratis,
687 3970 823 4053 pascuis,
853 3982 887 4033 et
908 3973 1086 4054 farinariis,
1109 4001 1184 4044 cum

80 4059 192 4134 inviis,
214 4056 345 4138 permis,
366 4055 468 4136 aquis,
489 4069 709 4136 aquarumque
731 4053 937 4132 discursibus,
959 4057 1132 4124 mobilibus
1151 4075 1184 4126 et

80 4139 314 4215 immobilibus,
333 4135 512 4232 praesidiis,
530 4136 676 4220 peculiis,
696 4134 877 4217 pecoribus,
898 4156 992 4197 omne
1010 4148 1097 4205 etex
1115 4145 1184 4208 om.

81 4220 374 4306 nibus,quiequ1d
401 4217 435 4280 in
460 4218 530 4306 ipso
555 4217 627 4284 loco
652 4225 758 4280 nostra
781 4215 999 4292 videturesse
1027 4229 1182 4309 possessio

817 4332 866 4407 27
