2734 4990
505 295 765 361 mnnnnesocn
807 249 811 254 ⁵
1135 247 1206 370 425

238 431 443 515 Confirmatio
465 430 555 512 Regis
576 433 622 504 de¹
638 435 724 511 omui
743 450 874 514 corpore
891 426 1070 510 sacrdtatis.

180 548 289 612 XLII.
330 547 445 611 Merito
464 548 581 631 regalis
603 548 772 611 clementia
803 546 838 606 in
867 543 932 607 illis
954 546 1066 609 collata
1088 569 1203 612 mnne-

94 651 134 694 ra
157 633 212 694 vel
237 630 445 714 proprietates
466 641 636 714 parentum
655 639 836 691 nostrornm
869 628 1058 693 confirmare
1080 630 1205 710 delibe-

97 725 152 774 rat
179 735 259 796 qnos
279 712 444 795 cognoscit
466 722 524 774 etc.
546 727 580 774 ut
603 733 698 798 supra
715 731 787 796 pag.
810 713 880 788 504.

216 843 218 846 ’
250 825 451 910 Praeceptum
475 825 514 886 de
536 825 718 908 lescuverpo
736 845 934 910 permensum
954 822 1055 904 Regis.

72 1007 75 1012 ,
184 939 304 1002 XLIII.
327 939 493 1022 Quicquid
510 939 736 1024 inpraesentia
753 948 861 1000 nostra
876 938 992 1020 agitur,
1006 939 1058 1000 vel
1069 961 1128 1028 per
1142 961 1205 1001 rns-

101 1043 179 1082 nnm
194 1031 334 1084 nostram
348 1022 477 1084 videtur
493 1043 561 1084 esse
576 1023 794 1084 transvulsum
813 1030 874 1084 etc.
894 1033 1030 1104 utsupra
1041 1043 1112 1104 pag.
1135 1025 1205 1108 296.

281 1125 285 1138 ¹
342 1139 480 1217 -I'rologi
504 1137 544 1198 de
583 1123 774 1199 cessionibus
796 1135 969 1215 regalibus:

182 1250 302 1319 XLIV.
343 1254 459 1316 Merito
485 1251 640 1336 largitatis
672 1261 798 1315 nostrae
831 1271 965 1313 munere
995 1251 1206 1314 sublevantur

97 1341 162 1410 etc.
184 1349 335 1420 utsupra
356 1357 426 1418 pag.
459 1342 529 1419 297‘.

182 1419 272 1480 Item.
312 1418 486 1500 Perspicue
517 1415 716 1500 compendiis
749 1412 910 1496 regalibus
938 1413 1022 1475 illud
1050 1414 1204 1476 adscribi-

97 1509 155 1581 tur
177 1509 238 1566 etc.
260 1500 413 1584 ut‘supru
435 1521 506 1583 pag.
533 1521 605 1582 ²97·
883 1499 887 1506 ’
1115 1519 1120 1530 ’

215 1677 217 1679 ,
505 1614 610 1676 Cassio
632 1613 677 1679 ad
701 1613 809 1676 laicos.

110 1727 116 1734 ’
187 1697 291 1793 XLV.
330 1727 430 1809 Nihil,
452 1737 488 1790 nt
514 1729 558 1791 ait
576 1728 758 1814 Apostolus,
781 1728 814 1788 in
836 1725 924 1786 hunc
946 1723 1101 1786 anundum
1123 1723 1206 1784 intu-

106 1810 228 1894 limus,
258 1829 317 1872 nec
341 1812 511 1893 quicquam
539 1833 579 1874 ex
609 1833 647 1873 eo
679 1811 805 1872 anferre
834 1809 1001 1870 nobiscum
1031 1806 1206 1889 poterimus

106 1902 167 1957 etc.
196 1905 231 1952 ut
261 1913 364 1974 supra.
377 1913 451 1979 pag.
473 1915 544 1978 297.

371 2005 577 2092 Confirmatio
598 2004 644 2067 sd
671 2006 823 2067 seculares
850 2005 940 2066 viros.

184 2122 300 2187 XLVI.
341 2123 473 2204 Regiam
494 2121 761 2184 consuetudinem
792 2141 976 2182 exercemus
1003 2127 1035 2178 et
1062 2116 1207 2178 fidelium

104 2215 289 2268 nostrornm
309 2207 436 2290 animos·
455 2204 663 2266 adhortamur
687 2213 745 2269 etc.
767 2215 914 2286 utsupra
938 2221 1009 2290 pag.
1034 2200 1103 2281 298.

338 2347 341 2352 Δ
444 2319 492 2381 Dc
519 2319 611 2399 Regis
635 2319 846 2380 amstrutioue.

185 2433 322 2500 XLVII.
362 2434 497 2496 Rectum
515 2443 562 2496 est
583 2431 695 2514 utqui
718 2431 809 2494 nohis
827 2431 922 2504 fidem
942 2430 1139 2516 pollicentur
1157 2429 1205 2490 in-

103 2517 237 2592 laesam,
260 2525 368 2578 nostro
390 2525 541 2600 tueantur
569 2515 700 2576 auxilio.
741 2517 785 2576 Et
805 2515 880 2598 quia
902 2515 949 2576 ill.
972 2524 1080 2576 noster
1101 2512 1205 2574 fidelis

104 2603 165 2662 eto.
187 2611 221 2659 ut
245 2603 341 2684 supra
362 2619 435 2683 pag.
461 2617 529 2680 299.

233 2713 438 2796 Praeceptum
463 2709 641 2772 donationis
657 2711 858 2772 internarum
883 2723 913 2771 et
934 2731 1075 2774 uxorem.

188 2826 338 2890 XLVIII.
379 2829 464 2910 Dum
487 2828 644 2888 Dominus
668 2827 888 2909 omnipotens,
911 2828 1044 2888 Creator
1066 2826 1148 2887 coeli
1172 2833 1204 2886 et

108 2919 223 2986 terrae,
243 2909 396 2990 permIsit,
416 2909 505 2969 iuxta
526 2911 613 2992 qnod
634 2911 753 2994 legitur
773 2919 832 2969 etc.
855 2921 887 2966 ut
910 2927 1004 2990 supra
1022 2929 1093 2990 pag.
1114 2908 1184 2992 395.

111 3025 206 3084 Curta
228 3023 404 3085 donationis
429 3025 512 3088 inter
531 3027 630 3084 uirum
653 3037 683 3085 et
702 3044 856 3092 uxorem,
877 3041 955 3102 queue
970 3025 1063 3098 gestis
1079 3023 1207 3086 mianici-

472 3107 598 3188 palibus
623 3109 664 3166 sit
692 3105 834 3184 allegata.

59 3280 62 3286 ,
190 3215 307 3281 XLIX.
349 3218 512 3302 Quicquid
533 3221 618 3281 inter
639 3218 827 3300 coniugatos
849 3216 887 3277 de
906 3216 1034 3300 propria
1055 3218 1205 3279 facultate

110 3301 150 3360 oh
171 3321 310 3362 amorem
332 3301 523 3364 dilectionis.
535 3310 595 3363 etc.
617 3312 651 3360 ut
670 3321 766 3384 supra
782 3321 854 3383 pag.
882 3302 951 3382 ὄις).

532 3438 606 3498 Alia
630 3433 769 3501 donatio,

188 3555 223 3614 L.
266 3555 537 3638 Quandoquidem
557 3553 804 3615 Densvrolnerit
826 3555 910 3616 inter
932 3556 1036 3616 virum
1064 3562 1096 3614 et
1124 3572 1206 3612 uxo·

108 3655 195 3713 rem,
215 3636 261 3718 ad
281 3637 368 3721 pects
388 3639 557 3700 vinculum
585 3645 679 3717 utque
704 3637 909 3696 concordium
939 3637 1148 3709 nectendam,
1171 3643 1206 3694 ut

108 3739 160 3780 res
186 3739 298 3778 eornm
319 3720 406 3780 inter
429 3742 462 3781 se
485 3719 668 3782 condonare
690 3717 856 3795 deberent,
878 3719 973 3786 sicuti
995 3729 1027 3778 et
1047 3720 1206 3780 fecerunt.

108 3800 250 3881 Ideoque
271 3803 463 3884 complacuit
483 3812 578 3884 atque
593 3801 747 3862 convenit
760 3801 846 3862 inter
865 3802 1080 3864 venerabilem
1102 3801 1208 3860 virum

106 3881 202 3942 illum
222 3891 255 3942 ct
277 3903 410 3944 uxorem
441 3884 529 3945 illius
556 3883 686 3943 nomine
714 3883 822 3960 illam,
852 3904 890 3944 eo
919 3885 1006 3964 quod
1036 3885 1121 3945 inter
1152 3903 1206 3942 eos

108 3963 234 4046 agnatio
255 3967 387 4026 minime
414 3987 481 4028 esse
514 3971 718 4043 cerneretur,
751 3975 786 4036 ut
810 3965 892 4024 ulter
921 3967 1015 4026 alteri
1042 3967 1081 4026 de
1111 3963 1207 4024 relius

107 4044 321 4120 eornm'inter
341 4069 375 4109 sc
397 4049 578 4111 condonare
601 4045 763 4112 deberent.
808 4043 904 4123 Quod
924 4045 968 4107 its
991 4057 1024 4108 et
1047 4049 1206 4107 iecerunt.

108 4127 205 4208 Dedit
227 4126 335 4212 itaque
358 4129 548 4192 venerabilis
572 4125 623 4192 rii·
649 4128 704 4191 ille
726 4128 820 4189 uxori
847 4146 922 4188 snas
942 4129 1072 4189 nomine
1095 4127 1151 4187 illa
1166 4128 1206 4188 de

108 4209 202 4272 rebus
224 4213 288 4273 suis
315 4214 347 4273 in
371 4235 457 4296 pago·
479 4213 524 4274 ill.
546 4213 580 4273 in
605 4214 677 4274 loco
705 4219 890 4294 nuncupato
912 4209 959 4275 ill.
987 4231 1082 4296 super
1107 4211 1206 4272 fluvio
