2694 4988
167 315 243 396 666
500 339 612 395 seces
640 309 937 393 tmoonssmcas

162 483 248 568 piter
268 478 547 556 dehonestaverit,
568 474 732 560 widrigild
752 474 826 552 illi,
855 499 952 562 quem
973 479 1124 554 laeserit,
1148 499 1288 564 compo-

165 573 231 628 nat.
272 565 309 627 si
331 583 408 626 vero
429 560 547 642 aliquis
569 581 610 622 ex
631 560 707 642 ipsis
731 558 896 624 indicibus
919 564 1034 626 normis
1055 587 1114 648 pro
1138 564 1214 645 ipso
1237 563 1287 623 in·

164 646 250 710 dicio
270 644 434 707 falsidicos
456 643 592 719 dixerit,
614 649 671 704 aut
691 661 749 724 pro
772 640 840 724 ipsa
862 644 1044 708 intentione
1062 669 1102 708 ex
1116 645 1182 706 hac
1196 667 1289 707 caus·

164 753 197 792 se
229 731 265 803 b)
292 726 471 810 quemlibet
490 726 656 787 bominem
677 723 893 804 interfecerit,
927 729 1167 812 quinquaginta
1191 727 1287 790 libris

167 811 238 906 anri
259 809 372 894 optimi
394 818 584 906 componet,
607 804 811 868 medietatem
830 808 922 894 Regi,
943 822 976 874 et
995 813 1211 874 medietatem
1233 809 1287 873 he.

165 894 297 956 redibas
319 892 477 954 defunctu
497 887 526 975 ι)
609 891 633 950 1.
656 889 685 954 5.
709 909 736 953 a.

230 993 312 1029 rone.
350 973 431 1028 Petre
447 981 477 1026 te
496 973 619 1045 appellat
636 970 770 1026 Martinus
789 971 894 1037 ludex,
914 973 989 1046 quod
1005 975 1124 1028 minatus
1144 977 1194 1040 ei,
1225 975 1288 1030 dum

162 1045 300 1100 residebat
322 1042 351 1094 in
378 1042 500 1105 iudicio,
526 1051 575 1095 aut
596 1052 630 1096 tu
654 1059 716 1094 eum
736 1042 916 1098 conviciando
933 1043 1041 1108 verbis,
1061 1053 1110 1098 aut
1128 1046 1217 1100 factis
1234 1054 1287 1100 tur-

161 1117 233 1187 piter
251 1114 432 1168 dehonestari.
469 1115 512 1166 De
529 1120 601 1166 torto
618 1129 662 1165 me
680 1113 808 1181 appellas.
850 1115 893 1168 Da
911 1113 962 1166 sibi
979 1114 1191 1181 vadimonium,
1224 1117 1286 1172 sits

160 1188 317 1239 recordatus
342 1185 442 1246 sacris,
469 1184 545 1254 quod
567 1183 702 1236 emendes.
747 1183 775 1234 Si
801 1200 876 1246 non,
903 1193 935 1238 ut
952 1194 980 1237 te
998 1186 1108 1239 endicas
1128 1188 1286 1240 secundun

159 1265 235 1309 tuam
254 1258 350 1321 legem.
387 1255 465 1306 Petne
483 1261 512 1304 te
531 1254 652 1322 appellat
671 1251 820 1314 Martinus,
847 1254 922 1323 quod
944 1263 976 1306 tu
996 1257 1123 1310 occidisti
1144 1259 1284 1310 Donatum

161 1343 241 1378 suurn
267 1335 371 1396 patrem
396 1322 518 1374 iudicem
544 1323 573 1374 in
590 1321 703 1375 iudicio.
739 1321 825 1374 Cuius
843 1324 938 1394 placiti
956 1335 1127 1378 sacramenta
1144 1328 1222 1392 sint,
1244 1331 1284 1379 in·

161 1395 248 1461 diois,
273 1396 318 1448 vel
344 1393 489 1464 propinqui
507 1393 548 1446 sui
565 1389 730 1464 requirentis
748 1392 808 1446 eius
824 1403 937 1446 mortem
954 1395 1007 1447 ita:
1035 1398 1078 1449 De
1097 1400 1179 1461 boc,
1212 1398 1281 1468 qnod

162 1483 211 1532 ego
236 1465 401 1536 appellari,
433 1481 476 1515 me
512 1462 617 1519 sciente
652 1463 687 1514 de
714 1470 785 1514 torto
811 1472 840 1516 te
868 1482 924 1518 nou
950 1466 1092 1534 appellavi.
1144 1469 1175 1520 Si
1194 1469 1280 1522 Deus:

161 1535 313 1606 Appellati:
332 1535 368 1588 de
387 1535 439 1586 boc
458 1533 532 1586 unde
550 1542 581 1586 tu
599 1551 644 1592 me
662 1532 825 1602 appellasti,
845 1534 971 1588 detorto
987 1552 1031 1587 me
1049 1538 1203 1606 appellasti.
1250 1539 1276 1590 Si

159 1607 249 1659 Deus:
269 1602 489 1658 sacramentalis:
514 1601 567 1656 boc
586 1604 662 1674 quod
677 1602 788 1666 iuravit,
807 1620 900 1655 rernm
917 1605 1022 1658 iuravit
1059 1607 1088 1658 si
1109 1609 1191 1663 Dens.
1207 1609 1270 1660 Poe-

158 1676 324 1745 nequidem
352 1682 391 1725 est
418 1672 557 1743 appellati.
607 1674 635 1724 Si
660 1672 915 1737 confessarium,
947 1685 995 1728 aut
1017 1693 1072 1727 non
1090 1695 1177 1730 ausus
1194 1677 1264 1731 inerit

157 1744 256 1808 iurare,
267 1753 307 1797 'ut
334 1744 424 1796 ludici
442 1743 574 1807 widrigild
591 1760 669 1795 suum
685 1742 804 1804 tribuat,
824 1755 853 1798 et
872 1744 992 1797 bannum
1010 1747 1097 1798 solvat
1118 1757 1147 1800 et
1167 1749 1265 1816 propin-

158 1833 214 1886 quo
233 1815 447 1882 RegisCameree
461 1815 490 1868 b.
510 1813 592 1866 libras
607 1813 664 1866 auri
673 1823 830 1884 componat,
849 1815 1006 1869 etbsnnum
1022 1815 1129 1870 tribuat
1138 1819 1268 1889 potestati.

162 2295 469 2384 OTTONIS
515 2296 567 2381 ΙΙ.
607 2295 917 2385 AUGUSTI
948 2293 1198 2436 LEGES.
1242 2292 1279 2410 Ιι)

605 2508 822 2528 m

419 2665 599 2728 OTHO
642 2663 1019 2729 SECUNDUS.

242 2843 394 2929 Antiquis
423 2854 471 2907 est
500 2844 709 2906 constitutum
738 2845 953 2926 temporibus,
985 2851 1021 2903 ut
1041 2844 1068 2904 si
1090 2843 1279 2906 chartarum

164 2927 331 3011 inscriptio
354 2929 394 3007 l),
427 2948 509 3011 quae
532 2927 695 2988 constabat
717 2946 756 2988 ex
777 2928 936 3008 praediis,
962 2925 1042 2987 falsa
1063 2926 1103 2985 ab
1125 2928 1280 2988 adversa-

161 3012 211 3073 rio
233 3012 414 3087 diceretur,
447 3009 655 3070 sacrosanctis
676 3010 863 3091 Evangeliis
885 3010 975 3070 tactis
996 3017 1105 3070 verani
1127 3030 1222 3085 esse,
1246 3010 1281 3068 ab

164 3103 327 3156 ostensore
350 3094 478 3154 chartae
499 3092 708 3175 probabatur,
736 3092 847 3175 sicque
868 3092 1036 3176 praedium
1057 3091 1129 3152 sine
1153 3091 1282 3151 delibe-

161 3179 286 3239 ratione
310 3176 428 3237 iudicis
450 3174 650 3236 vendicabat.
700 3177 773 3252 Qua
800 3196 841 3235 ex
868 3197 902 3236 re
931 3195 997 3235 mos
1019 3173 1228 3234 detestabilis
1251 3177 1282 3232 in

162 3259 275 3340 ltalia,
307 3258 536 3342 improbusque
558 3279 622 3318 non
646 3255 818 3317 imitandus
841 3257 995 3331 inolevit,
1027 3265 1064 3316 ut
1084 3255 1143 3317 sub
1168 3257 1283 3338 legum

162 3342 268 3424 specie
290 3341 501 3402 iureiurando
523 3341 724 3421 acquireret,
754 3341 822 3420 qui.
838 3343 943 3401 Deum
962 3359 1027 3399 non
1049 3339 1202 3400 timendo
1227 3339 1283 3398 mi-

165 3425 253 3484 nime
286 3423 474 3484 formidaret
500 3423 677 3503 periurare.
718 3423 877 3504 Tempore
900 3443 992 3502 ergo,
1026 3442 1092 3502 quo
1113 3421 1281 3503 piissimus

162 3507 231 3566 Rex
253 3507 330 3566 Otto
355 3508 473 3567 Romae
495 3505 682 3566 unctionem
705 3505 845 3588 suscepit
868 3502 1018 3586 imperii,
1048 3504 1221 3564 residente
1248 3505 1279 3563 in

164 3587 295 3672 Synodo
323 3609 446 3650 summo
471 3597 505 3648 ct
531 3585 707 3648 universali
735 3589 820 3668 Papa
849 3589 975 3646 Domno
1003 3585 1149 3647 iohanne
1181 3581 1279 3647 XIII.

165 3691 251 3730 anno
279 3677 319 3750 m)
342 3671 380 3732 ab
403 3669 513 3733 ltaliae
534 3669 725 3731 Proceribus
752 3678 799 3730 est
820 3670 1070 3752 proclamatum,
1099 3677 1136 3728 ut
1167 3669 1278 3752 lmpe·

176 3814 629 3831 Ἤ

197 3867 230 3936 Ιι)
250 3868 293 3919 Un
319 3869 384 3920 Cod.
410 3883 437 3921 et
457 3887 509 3939 pro
534 3871 594 3937 ipso
612 3870 704 3920 inten-
735 3877 739 3880 ’
766 3867 795 3936 t)
812 3868 883 3918 Istae
898 3865 971 3930 leges
986 3865 1058 3935 apud
1073 3865 1279 3919 Heroldurnre-

248 3941 324 3990 tione
342 3953 479 3996 etoooso.
515 3939 569 3990 tlt.
588 3952 703 4006 sutpro
818 3937 942 3987 seruntur
956 3937 991 3989 ad
1010 3937 1138 3988 Ottonem
1153 3937 1173 3988 1.

249 4010 310 4076 ipsa
323 4011 379 4061 int.
396 4022 446 4060 out
463 4027 570 4062 caussa.
767 4005 795 4077 i)
814 4008 865 4058 Un.
885 4007 951 4059 cod
970 4005 1065 4058 adseri
1083 4008 1129 4057 tio.

157 4089 158 4092 ’
197 4077 224 4145 i)
243 4079 283 4128 al.
301 4078 388 4132 Codd.
408 4077 705 4147 mediumprimumbc·
767 4077 804 4146 m)
821 4077 862 4128 Al.
882 4076 970 4128 Codd.
993 4023 1139 4128 residium
1163 4076 1201 4146 in
1228 4079 1277 4144 Sy-

253 4145 363 4200 rcdibus
382 4149 524 4218 interfecti
542 4145 657 4210 Iudicis,
678 4161 705 4198 et
820 4143 892 4198 nodo
924 4163 1027 4197 summo
1054 4159 1089 4199 et
1116 4145 1278 4198 universali·

248 4217 366 4268 alteram
383 4218 553 4272 medietatem
573 4219 703 4270 Gamerae
821 4216 916 4283 Papae
934 4215 1069 4268 lobannis
1088 4214 1278 4271 tertiodeci-

254 4301 375 4343 uostrue.
819 4299 963 4366 molanus.
