2734 4990
529 317 777 379 nrononmnnn
1150 305 1225 386 407

117 502 182 544 rns
203 481 392 541 revertatur.
434 471 581 550 Interim,
606 472 690 533 sicut
715 479 819 532 vestra
843 477 891 535 est
908 473 1107 536 consuetudo
1126 477 1223 559 bona,

119 565 178 624 vel
207 553 455 621 consolationem
482 557 534 617 ve'l
562 552 755 615 adiutorium
779 554 810 616 ei
844 550 1031 636 impendere
1066 559 1220 640 iubentis,

119 645 306 722 laetumque
326 642 411 704 diem
428 639 563 698 iubeatis
589 636 716 696 habere.
770 635 870 696 Cuius
895 645 1033 718 potestas
1054 653 1166 722 regnat
1187 645 1221 704 in

122 735 305 800 aeternum,
336 725 403 804 ipse
427 744 482 782 vos
516 719 671 780 custodiat
694 717 727 776 in
753 739 852 797 regno
876 739 934 777 suo
956 732 1122 806 perpetuo,
1163 725 1223 788 sa.

122 807 260 868 lutamus
283 828 338 868 vos
363 826 473 864 omnes
503 802 692 863 salutatione
714 799 905 882 plenissima.

154 957 158 964 ·
244 922 382 982 Donatio
409 939 509 1002 quana¹
523 919 615 978 laonio
642 915 740 977 donat
760 914 805 976 ad
820 937 907 976 suam
925 931 1098 1000 parentem.

201 1023 294 1087 XVI.
333 1025 566 1088 Dilectissimae
597 1033 694 1105 atque
732 1023 860 1084 amabili
893 1023 973 1083 mihi
1010 1024 1044 1086 in
1082 1029 1223 1090 Domino

34 1169 36 1174 ,
122 1109 333 1172 consobrinae
360 1131 449 1170 meae
480 1108 608 1167 nomine
643 1107 725 1182 illo,
757 1127 816 1186 ego
844 1105 876 1164 in
905 1105 968 1166 Dei
1002 1108 1133 1170 nomine
1156 1111 1224 1174 ille.

120 1195 205 1253 Dum
231 1201 262 1250 et
282 1191 429 1272 pluribus
449 1198 496 1250 est
514 1187 738 1272 percognitum
759 1210 797 1248 eo
818 1188 906 1269 quod
929 1196 964 1247 tn
986 1191 1129 1270 partibus
1145 1194 1225 1255 meis

120 1272 268 1334 amabilia
281 1275 408 1334 servitia
430 1272 615 1354 impendere
641 1292 706 1329 non
722 1269 852 1345 desinis,
873 1291 931 1351 pro
949 1278 1005 1329 tna
1020 1272 1174 1351 bonitate,
1192 1283 1225 1336 et

118 1378 178 1440 pro
201 1377 240 1416 eo
265 1355 352 1435 quod
374 1355 495 1415 dictum
521 1361 568 1414 est
584 1353 749 1412 Faciamus
763 1352 875 1411 bonum
890 1351 934 1410 ad
949 1372 1065 1430 omnes,
1084 1359 1223 1417 maxime

119 1452 222 1500 autem
246 1437 290 1495 ad
306 1437 492 1498 domesticos
503 1433 591 1518 fidei
615 1434 669 1493 vel
690 1433 729 1492 ad
750 1433 949 1516 propinquos
971 1445 1105 1515 nostros,
1127 1437 1226 1520 igitur

121 1521 209 1580 dono
233 1519 293 1578 tibi
316 1521 333 1578 a
366 1519 417 1578 die
441 1525 606 1598 praesente
632 1536 691 1596 per
717 1514 801 1575 hanc
828 1516 995 1596 epistolam
1020 1517 1223 1598 donationis,
1261 1533 1266 1542 “

120 1621 203 1682 quae
226 1599 260 1658 in
281 1610 473 1682 perpetuum
493 1599 534 1660 sit
553 1619 711 1675 mansura,
733 1607 765 1656 et
790 1597 829 1658 de
852 1599 923 1657 iuro
954 1619 1025 1659 meo
1042 1599 1076 1658 in
1095 1609 1149 1661 tua
1164 1603 1225 1663 do·
1260 1623 1266 1670 .·

121 1681 300 1742 minatione
326 1683 416 1741 trado
441 1692 535 1760 atque
561 1679 700 1757 firmabo,
724 1677 835 1755 idest,
857 1701 1002 1740 mansum
1026 1681 1226 1744 adcomma-
1261 1723 1263 1730 =

123 1763 270 1823 nendum
298 1763 331 1822 in
353 1785 433 1844 pago
460 1765 529 1839 illo,
554 1763 586 1823 in
608 1763 679 1822 loco
702 1762 758 1841 qui
792 1761 911 1822 dicitur
939 1762 1012 1839 illc,
1034 1771 1066 1824 et
1089 1775 1138 1825 est
1158 1765 1225 1848 ipse

123 1866 253 1906 mansus
276 1867 334 1925 per
357 1847 428 1906 loca
453 1845 616 1926 designata
638 1845 677 1904 de
698 1845 797 1904 latere
817 1865 882 1903 uno
905 1853 937 1905 et
964 1844 1004 1904 de
1027 1847 1134 1906 fronte
1162 1857 1226 1908 ter·

121 1948 177 1987 rae
208 1925 311 2002 itlius,
330 1935 362 1985 et
391 1927 430 1988 de
452 1927 516 1986 alio
541 1929 639 1986 latere
662 1927 816 1985 etl'ronle
835 1935 937 1985 terrae
958 1925 1048 1988 illius
1068 1929 1229 2006 tanto,itu
1263 1935 1271 1947 ’

95 1997 97 2006 ’
122 2019 159 2068 ut
187 2008 226 2067 ab
254 2009 314 2068 hac
339 2010 390 2069 die
418 2020 589 2069 memorata
616 2006 805 2068 consobrina
829 2029 899 2066 meu
925 2007 980 2067 illa
1001 2008 1156 2090 quicquid
1184 2010 1225 2073 do
1260 2011 1270 2037 ⁴

121 2091 191 2169 ipso
212 2111 320 2150 manso
341 2093 447 2152 facere
470 2090 623 2165 voluerit,
645 2098 680 2148 ut
694 2089 810 2171 absque
829 2090 1083 2170 uniuscuiusque
1104 2092 1226 2173 repeti·

79 2179 83 2186 '
121 2175 210 2234 tione
229 2173 362 2234 liberam
382 2173 417 2234 in
439 2173 586 2234 omnibus
608 2172 723 2232 habeat
742 2180 928 2253 potestatem
949 2173 1203 2237 adsumendum.

458 2289 596 2348 Donatio
618 2283 663 2347 ad
681 2308 785 2348 casam
808 2286 879 2348 Dei.

204 2392 313 2458 XVII.
353 2396 500 2458 Prudens
523 2394 694 2466 consilium
713 2393 836 2453 baiulat
851 2392 908 2475 qui
926 2416 984 2477 pro
1000 2395 1125 2458 animae
1145 2419 1222 2461 suae

118 2477 263 2538 remedio
293 2479 411 2559 cogitat
436 2479 485 2538 illi
507 2477 680 2538 Dominum
700 2477 889 2554 retribuere,
911 2487 943 2538 et
963 2479 1080 2539 exinde
1101 2479 1220 2542 babere

119 2559 249 2637 cogitat,
268 2569 298 2619 et
318 2561 357 2620 de
389 2560 449 2620 Dei
471 2559 687 2620 misericordia
705 2580 771 2617 non
789 2559 921 2625 dubitat.
963 2560 1087 2622 idcireo
1105 2583 1163 2623 nos
1184 2561 1220 2622 in

117 2641 179 2703 Dei
208 2642 337 2701 nomine
365 2642 434 2716 ille,
457 2651 490 2702 et
509 2641 627 2702 coniux
651 2663 720 2700 mea
742 2640 809 2707 illa.
849 2641 1084 2703 Admouetuos
1108 2644 1221 2706 divina

117 2723 219 2805 pietas
245 2733 277 2783 et
306 2723 426 2784 Christi
451 2722 669 2784 misericordia
696 2732 732 2781 ut
759 2723 879 2804 aliquid
913 2724 952 2786 de
983 2725 1079 2786 rebus
1104 2726 1221 2787 nostris

118 2827 176 2885 pro
197 2806 383 2866 redimenda
404 2805 526 2865 ultione
558 2814 740 2865 nostrorum
765 2807 985 2887 peccaminum
1007 2807 1145 2869 Domino
1174 2810 1221 2868 ol·

119 2888 205 2945 ferre
230 2887 427 2965 deberemus,
450 2897 486 2947 nt
517 2887 549 2946 in
577 2888 629 2948 die
651 2886 762 2948 iudicii
783 2887 963 2950 misericors
985 2890 1141 2952 Dominus
1165 2891 1219 2952 vel

121 2967 154 3026 in
184 2967 418 3047 aliquantulum
439 2971 478 3030 de
504 2970 624 3029 scelere
646 2977 756 3028 nostro
788 2970 878 3030 nobis
900 2971 1044 3030 relaxare
1069 2971 1220 3051 dignare-

118 3060 184 3126 tur,
208 3049 360 3112 donamus
386 3062 577 3133 compuncto
603 3052 698 3112 eorde
722 3061 753 3111 et
776 3051 892 3111 devoto
921 3050 1027 3109 animo
1048 3052 1087 3110 ad
1106 3051 1219 3112 basili-

118 3154 188 3192 cum
217 3131 315 3205 illam,
339 3156 419 3214 quiae
448 3144 495 3194 est
523 3134 701 3202 inhonore
724 3133 832 3192 Sancti
861 3132 949 3192 illius
974 3143 1155 3194 constructa
1183 3135 1218 3193 in

116 3217 190 3276 loco
212 3213 286 3290 illo,
304 3215 366 3275 boc
383 3227 438 3292 est,
457 3239 525 3275 rem
544 3225 680 3276 nostram
700 3215 733 3274 in
754 3215 825 3274 loco
840 3223 1047 3293 nuncupante
1070 3215 1139 3292 illo,
1155 3213 1218 3276 lino

116 3307 174 3372 est,
197 3293 230 3355 in
251 3296 317 3376 ipsa
338 3320 372 3358 re
394 3299 510 3359 mansis
527 3299 566 3358 ad
586 3296 862 3372 commanendum,
885 3293 1039 3372 casticiis,
1060 3318 1216 3379 superpo-

115 3379 201 3453 sitis,
222 3378 316 3439 terris
341 3381 525 3455 arabilibus,
547 3389 583 3439 ut
603 3391 674 3461 post
696 3379 783 3438 hunc
800 3379 885 3440 diem
905 3379 966 3460 ipsi
988 3379 1134 3460 custodes
1157 3379 1214 3461 qui

114 3461 154 3519 ad
177 3461 279 3539 ipsum
303 3473 448 3522 sanetum
473 3463 579 3522 locum
609 3460 816 3538 deserviunt,
848 3462 946 3543 ipsam
972 3482 1041 3520 rem
1068 3462 1215 3542 superius

115 3543 350 3602 denominatam
376 3545 526 3619 habeant,
547 3553 690 3618 teneant,
713 3553 809 3624 atque
829 3544 1023 3625 possideant,
1046 3541 1099 3602 vel
1120 3542 1215 3624 quic-

114 3625 194 3701 quid
220 3625 337 3686 exinde
363 3628 469 3688 l'acere
496 3625 676 3703 voluerint,
699 3625 885 3687 liberam-et
917 3624 1126 3687 firmissimam
1154 3623 1215 3686 ha-

112 3706 209 3768 beant
233 3717 420 3788 potestatem
442 3709 481 3768 ad
501 3708 694 3770 faciendum.
734 3709 776 3769 Et
794 3709 820 3770 si
839 3708 919 3790 quis

377 3817 509 3873 Pactum
537 3811 701 3874 divisionis
730 3815 813 3873 inter
822 3813 955 3894 fratrer.

193 3917 321 3979 XVlll.
364 3921 497 3980 Pactum
527 3917 692 3979 divisionis
716 3917 801 3979 inter
822 3919 954 3996 fratres,
986 3919 1020 3980 id
1047 3931 1123 3982 sunt
1152 3921 1214 3982 ille

111 4009 143 4062 ct
172 4000 246 4075 ille,
277 4000 412 4060 heredes
439 4001 527 4060 illins
556 4010 587 4061 et
609 4002 696 4061 illius
721 4000 899 4080 quondam,
929 4003 1069 4083 qualiter
1104 4026 1137 4064 se
1169 4006 1209 4066 do

111 4083 202 4142 alode
222 4103 333 4142 eorum
355 4082 499 4143 dividere
522 4083 573 4143 vel
588 4103 766 4164 exaequare
785 4082 949 4151 deberent,
999 4087 1094 4162 Quod
1116 4087 1213 4147 itaet

110 4165 269 4229 fecerunt,
318 4165 382 4224 Per
411 4187 507 4245 quern
540 4165 662 4246 accepit
693 4165 741 4224 vir
765 4163 951 4245 magnificus
982 4167 1039 4227 ille
1064 4190 1210 4230 mansum

111 4246 253 4306 illumin
278 4247 348 4306 loco
372 4258 577 4331 nuncupante
595 4249 664 4320 illo,
687 4247 742 4328 qui
765 4256 811 4308 est
829 4248 861 4305 in
877 4269 957 4332 pago
980 4249 1049 4330 illo,
1070 4251 1132 4314 boc
1152 4262 1214 4327 est,
