2676 4976
168 273 242 352 ott
269 375 272 378 Ι
624 293 817 353 rosum

169 431 321 500 mittendi
344 431 587 514 deducti'sunt,
603 453 667 518 per
687 433 794 497 anime
817 443 872 498 tue
895 435 1083 504 mercedem.
1120 440 1158 502 Et
1177 444 1243 506 insn-

167 541 227 606 per
253 516 396 582 concede
421 516 481 578 sibi
507 517 549 578 sd
571 517 704 600 gratiam
724 539 782 580 sne
802 517 956 581 libertatis
974 541 1069 583 omne
1089 543 1172 584 sunm
1186 549 1244 588 eon·

168 601 336 685 quisitum,
360 598 451 681 quod
472 619 562 662 nune
582 599 690 679 habet,
714 611 769 662 sut
786 600 821 664 in
844 611 936 664 autea
956 603 1106 684 aquirere
1123 610 1246 688 potuerit,

168 695 205 748 ut
219 685 317 747 iaciat
336 682 488 746 exindes
506 683 667 765 praesenti
683 682 959 767 diapropristario
979 686 1108 749 nomine
1129 689 1249 772 quicquit

168 768 309 830 voluerit
323 787 382 852 per
402 767 508 828 anime
528 787 587 828 sus
605 768 799 830 mercedem.
828 768 919 830 Dicis
941 769 1004 830 ita?
1022 770 1114 830 Dico.
1146 774 1189 832 lta
1204 786 1249 833 tra·

168 851 210 913 de
238 859 362 912 certam
386 848 544 913 libertatis
572 847 650 912 huis
676 849 828 914 Notarius
858 851 898 915 ad
924 849 1137 926 scribendum.
1181 855 1247 916 Dice

168 953 280 995 omues
308 955 366 998 vos
385 951 475 1014 rogo.
516 931 553 996 Si
577 930 737 1012 Sationes,
769 942 801 996 et
822 941 948 1014 uetera,
968 933 1099 999 elevent
1123 944 1249 998 atramen-

167 1017 287 1078 tarium
308 1026 433 1078 tantum
457 1035 555 1100 snpra
578 1035 772 1098 pergamena
793 1015 833 1079 de
851 1025 966 1092 ¹tetra,
989 1014 1017 1076 si
1039 1037 1103 1080 uon
1132 1018 1251 1082 tribuunt

167 1097 216 1160 eis
228 1109 362 1166 ,terrane
405 1096 440 1162 Si
459 1119 538 1162 vero
557 1097 718 1176 tribuunt,
738 1107 817 1160 tunc
833 1098 972 1172 elevent¹
983 1098 1158 1180 cultellum,
1172 1111 1200 1163 et
1214 1125 1251 1164 ce·

165 1189 247 1260 tera,
265 1179 409 1263 exceptis
428 1179 583 1244 Baioariis
604 1189 637 1246 et
654 1179 871 1248 Gundebadis.
900 1180 992 1250 Adde
1003 1202 1071 1264 ,por
1087 1181 1216 1261 heredes,
1228 1194 1251 1244 et

165 1285 251 1349 poue
269 1263 445 1348 peculiare,
467 1272 500 1328 et
516 1261 602 1328 adde
620 1261 754 1348 iusuper
768 1262 965 1346 mittepsua
987 1263 1191 1348 stipulationis
1211 1289 1251 1329 no·

167 1347 268 1427 mins,
289 1368 354 1430 qua
376 1355 425 1410 est
444 1346 547 1408 multa
573 1344 645 1410 suri
666 1343 785 1442 optimi.
802 1343 914 1410 uuoias
933 1355 1075 1428 quatuor
1100 1357 1131 1408 et
1153 1351 1250 1432 argenti

166 1431 327 1514 ponderas
348 1437 434 1506 octo,
455 1452 553 1512 qnam
574 1427 719 1495 inieratis
732 1429 774 1489 ad
794 1427 888 1493 'iliam
908 1437 1034 1515 partem
1052 1438 1159 1491 eontra
1177 1453 1251 1513 quem

167 1513 385 1590 intulerimus,
406 1522 451 1591 et,
478 1509 568 1595 quod
596 1509 813 1594 repeeieritis,
842 1510 1018 1576 vendicare
1046 1535 1111 1574 nou
1137 1513 1251 1586 valeatis.

166 1597 202 1656 Si
235 1607 283 1658 est
303 1597 466 1676 Romanus
492 1595 580 1658 adde,
592 1594 674 1674 illie,
700 1593 756 1659 nbi
775 1593 857 1666 dieis
879 1593 1015 1665 deducti
1034 1595 1251 1676 subtilitasque

165 1679 300 1742 Romani
325 1688 433 1762 portas
451 1687 576 1761 apertas
603 1687 673 1742 eat:
696 1687 730 1740 et
748 1687 861 1760 pergat
886 1687 919 1740 et
944 1697 1010 1762 qua
1031 1688 1119 1762 perte
1140 1678 1251 1756 volperit

166 1762 331 1824 ambulare
361 1760 515 1827 diseednt.
545 1759 725 1823 ·Similitse
748 1761 782 1821 in
818 1757 967 1833 salichu
1007 1771 1040 1823 et
1067 1762 1100 1824 in
1130 1761 1250 1830 omnibns

166 1843 240 1908 aliis
261 1855 294 1909 et
323 1844 424 1908 ceteri
443 1863 522 1908 vero
543 1841 632 1907 omni
652 1852 728 1908 sunt
748 1842 867 1910 similia
889 1842 923 1904 iu
946 1843 1106 1910 omnibns.

445 1961 592 2038 Traditio
617 1975 840 2060 promisss'onis
864 1976 1021 2060 pignoris.
1063 1976 1065 1984 ’

247 2090 337 2155 XVI.
378 2090 538 2168 Martius,
562 2089 661 2155 modo
680 2089 844 2174 promitte,
872 2099 906 2152 ot
931 2087 1057 2172 sponde
1081 2100 1132 2169 te,
1150 2100 1178 2154 et
1199 2100 1252 2152 tuos

165 2173 304 2236 heredes
328 2175 443 2252 Petro,
466 2183 499 2235 et
526 2175 593 2238 suis
619 2171 815 2250 heredibus,
844 2171 932 2256 quod
958 2172 989 2234 si
1010 2173 1143 2252 Petrus,
1165 2183 1193 2238 et
1215 2172 1251 2234 sui

164 2255 301 2318 heredes
327 2256 405 2333 tibi,
428 2265 483 2318 aut
504 2255 552 2318 tui
579 2255 754 2322 heredibus
780 2255 924 2334 dederit,
955 2264 1011 2319 ant
1038 2257 1192 2318 sanatione
1216 2257 1251 2314 l-

165 2339 246 2400 uerit
270 2340 338 2404 DC.
368 2337 462 2403 solid.
484 2338 544 2401 hae
566 2339 620 2402 die
643 2359 745 2422 usqne
773 2337 910 2403 Kalend.
935 2335 977 2398 de
994 2337 1061 2399 tale
1087 2339 1120 2399 in
1143 2338 1250 2400 Ciuitate

164 2421 403 2482 Tusculaneusi
429 2419 463 2480 in
491 2421 586 2484 domo
614 2419 822 2486 habitationis
846 2429 903 2482 tue
929 2419 1073 2490 reddatis
1099 2420 1127 2486 ei
1159 2427 1252 2494 cartam

164 2503 255 2566 illam
281 2501 502 2580 venditionis,
524 2525 622 2586 quam
646 2504 683 2566 in
699 2502 802 2570 uobis
828 2501 935 2572 emisit
960 2501 1000 2569 de
1035 2505 1120 2586 petia
1148 2525 1203 2564 una
1223 2501 1251 2561 de

164 2597 270 2663 terre,
291 2607 354 2667 que
378 2593 428 2647 est
447 2585 481 2645 in
509 2585 580 2663 tali,
604 2608 669 2670 qne
698 2585 796 2648 babet
826 2584 1032 2648 coherentins
1060 2587 1138 2658 tales
1161 2607 1246 2666 capsa-

162 2676 262 2732 satam
282 2675 314 2730 et
337 2667 489 2746 taliataur,
515 2667 606 2730 utin
627 2691 662 2734 se
682 2669 811 2734 nullum
833 2667 976 2731 obtineat
997 2667 1154 2731 roborem.
1172 2665 1246 2746 Quod

164 2751 193 2814 si
219 2749 366 2834 tuipse,
390 2757 448 2810 ant
471 2750 521 2812 tui
546 2748 683 2816 heredes
710 2752 781 2830 sibi,
810 2760 864 2813 aut
885 2752 949 2812 suis
974 2749 1146 2816 heredibus
1170 2751 1247 2812 distu-

164 2831 243 2895 leris
261 2831 438 2916 predictam
459 2844 578 2895 cartam
595 2833 792 2898 venditionis
813 2843 971 2918 capsatam
992 2842 1026 2894 et
1046 2835 1179 2895 taliatam
1191 2830 1245 2892 red·

166 2918 243 2981 dere
263 2917 296 2978 in
321 2917 437 2978 eodem
463 2916 656 2994 constituto,
686 2926 723 2980 nt
744 2939 840 3000 snpra
858 2914 980 2978 dictum
1004 2925 1065 2994 est,
1089 2926 1163 2978 tuuc
1182 2933 1246 2976 eom·

165 2999 292 3086 ponatis
325 3021 411 3084 pene
443 2999 555 3062 eadem
584 2999 670 3084 petia
696 3001 735 3063 de
768 3000 905 3086 terrain
934 2997 1074 3082 duplum
1102 2999 1178 3062 sieut
1201 3014 1245 3078 pto

165 3094 309 3165 tempore
337 3081 438 3146 inerit
466 3082 651 3162 meliorata,
682 3090 740 3146 aut
765 3081 904 3145 valuerit
924 3079 982 3142 sub
1007 3081 1197 3145 estimatione
1220 3076 1245 3134 iu

164 3163 327 3230 consimili
354 3167 438 3232 loco.
462 3165 520 3230 ,Et
537 3165 564 3227 si
588 3165 657 3248 ipse
675 3167 801 3242 Petrus,
825 3173 880 3225 aut
901 3163 952 3232 sui
975 3162 1113 3226 heredes
1136 3159 1246 3226 distule-

164 3250 268 3312 rimus
288 3247 358 3324 tibi,
377 3257 432 3308 aut
451 3248 517 3310 tuis
530 3239 719 3324 heredibus,
737 3257 769 3310 et
786 3247 932 3330 predicto
949 3247 1124 3308 constituto
1145 3242 1248 3328 prodie-

165 3342 234 3395 tum
258 3330 399 3412 pretium
420 3331 617 3413 adimplere,
641 3341 679 3392 ut
698 3329 850 3406 diximus,
870 3339 905 3390 ut
928 3329 1041 3390 eudem
1063 3339 1146 3390 carta
1163 3322 1249 3386 rendi-

164 3413 263 3477 tionis
284 3414 317 3473 in
334 3435 392 3474 sno
413 3423 540 3475 meent
558 3413 673 3482 robore
696 3424 728 3476 et
749 3411 845 3478 facies
867 3422 915 3490 tu,
933 3420 989 3470 aut
1002 3411 1051 3474 tui
1071 3409 1196 3472 heredes
1218 3405 1247 3464 de

164 3497 244 3558 hinc
265 3495 300 3555 in
330 3506 426 3556 antea
455 3497 495 3559 de
518 3495 587 3579 ipsa
612 3496 699 3578 petia
723 3497 764 3560 de
791 3504 876 3558 terra
904 3493 1116 3577 proprietario
1143 3488 1248 3562 nomine

164 3579 316 3662 quicquit
342 3577 518 3644 volueritis.
559 3578 650 3640 Dicis
670 3580 736 3640 ita?
776 3578 860 3640 Dico
881 3577 934 3640 ita.
975 3576 1068 3638 Adde
1089 3575 1162 3638 hnic
1181 3579 1246 3634 carie

162 3660 385 3747 promissionis
406 3669 444 3722 et
467 3660 545 3722 huic
567 3662 699 3725 Notario
718 3661 760 3722 ad
781 3659 997 3724 scribendum.
1038 3659 1140 3723 Habes
1159 3657 1246 3744 launa·

163 3745 273 3807 child?
315 3743 434 3810 Habeo.
458 3744 536 3805 ·Die
551 3765 661 3806 omnes
681 3766 736 3806 vos
754 3765 842 3826 rogo.
884 3745 919 3806 Si
934 3745 985 3808 ¹est
1005 3743 1161 3804 Romanus
1181 3737 1247 3800 simt-

163 3828 249 3893 liter.
289 3827 325 3888 si
341 3835 387 3888 est
401 3825 558 3902 Saliobus,
577 3836 609 3891 et
623 3827 734 3903 ceteri,
749 3827 880 3888 elevent
902 3837 1019 3890 cartam
1032 3825 1080 3885 de
1098 3835 1178 3886 terra
1190 3838 1245 3880 cum

163 3909 412 3983 atramentario,
439 3917 471 3969 et
491 3910 572 3972 adde
596 3931 656 3992 per
676 3909 812 3971 heredes
840 3919 872 3975 et
898 3912 1007 3987 mitte,
1032 3906 1137 3988 obliga
1160 3913 1206 3980 te,
1223 3905 1247 3956 ei

163 3994 261 4078 iunge
283 3993 343 4070 illi,
359 3993 414 4052 ubi
436 3992 515 4054 dieis
538 3992 572 4052 iu
597 3992 758 4060 consimili
776 3994 859 4070 loco,
882 4003 913 4054 et
930 3993 1062 4074 insuper
1075 3991 1160 4053 mitte
1181 4001 1245 4068 pena

163 4076 381 4158 stipulationis
412 4075 563 4153 nornine,
582 4095 653 4157 'qne
683 4085 731 4136 est
752 4075 871 4136 mulcta
899 4076 969 4138 auri
996 4071 1107 4159 optimi
1135 4067 1189 4136 IV.
1210 4083 1244 4126 at·

164 4160 253 4241 genti
276 4159 420 4246 pondera
445 4169 529 4222 noto.
555 4161 772 4223 conusens
792 4157 917 4226 similia.
