<?xml version="1.0" encoding="UTF-8"?>
<!DOCTYPE html PUBLIC "-//W3C//DTD XHTML 1.0 Transitional//EN"
    "http://www.w3.org/TR/xhtml1/DTD/xhtml1-transitional.dtd">
<html xmlns="http://www.w3.org/1999/xhtml" xml:lang="en" lang="en">
 <head>
  <title>
</title>
<meta http-equiv="Content-Type" content="text/html;charset=utf-8" />
  <meta name='ocr-system' content='tesseract 3.04.00' />
  <meta name='ocr-capabilities' content='ocr_page ocr_carea ocr_par ocr_line ocrx_word'/>
</head>
<body>
  <div class='ocr_page' id='page_1' title='image "./corpusiurisgerm03visigoog_0081.png"; bbox 0 0 2734 4990; ppageno 0'>
   <div class='ocr_carea' id='block_1_1' title="bbox 167 309 806 396">
    <p class='ocr_par' dir='ltr' id='par_1_1' title="bbox 167 309 806 396">
     <span class='ocr_line' id='line_1_1' title="bbox 167 309 806 396; baseline 0 -16"><span class='ocrx_word' id='word_1_1' title='bbox 167 309 242 396; x_wconf 70' lang='grc'>474</span> <span class='ocrx_word' id='word_1_2' title='bbox 450 351 455 362; x_wconf 89' lang='grc'><strong>-</strong></span> <span class='ocrx_word' id='word_1_3' title='bbox 614 327 806 380; x_wconf 74' lang='lat' dir='ltr'>renuerat.</span> 
     </span>
    </p>
   </div>
   <div class='ocr_carea' id='block_1_2' title="bbox 165 457 1278 634">
    <p class='ocr_par' dir='ltr' id='par_1_2' title="bbox 165 457 1278 634">
     <span class='ocr_line' id='line_1_2' title="bbox 165 457 1278 552; baseline -0.013 -22"><span class='ocrx_word' id='word_1_4' title='bbox 165 470 246 530; x_wconf 89' lang='lat' dir='ltr'>riter</span> <span class='ocrx_word' id='word_1_5' title='bbox 266 489 519 552; x_wconf 85' lang='lat' dir='ltr'>permansurum,</span> <span class='ocrx_word' id='word_1_6' title='bbox 542 467 583 527; x_wconf 88' lang='lat' dir='ltr'>ita</span> <span class='ocrx_word' id='word_1_7' title='bbox 609 476 644 525; x_wconf 88' lang='lat' dir='ltr'>nt</span> <span class='ocrx_word' id='word_1_8' title='bbox 668 467 707 525; x_wconf 90' lang='lat' dir='ltr'>ub</span> <span class='ocrx_word' id='word_1_9' title='bbox 728 466 787 528; x_wconf 86' lang='lat' dir='ltr'>bac</span> <span class='ocrx_word' id='word_1_10' title='bbox 810 465 861 526; x_wconf 90' lang='lat' dir='ltr'>die</span> <span class='ocrx_word' id='word_1_11' title='bbox 885 488 947 546; x_wconf 84' lang='lat' dir='ltr'>non</span> <span class='ocrx_word' id='word_1_12' title='bbox 971 465 1066 527; x_wconf 89' lang='lat' dir='ltr'>liceat</span> <span class='ocrx_word' id='word_1_13' title='bbox 1087 460 1135 521; x_wconf 89' lang='lat' dir='ltr'>illi</span> <span class='ocrx_word' id='word_1_14' title='bbox 1153 457 1278 519; x_wconf 86' lang='lat' dir='ltr'>collum</span> 
     </span>
     <span class='ocr_line' id='line_1_3' title="bbox 167 541 1278 634; baseline -0.009 -22"><span class='ocrx_word' id='word_1_15' title='bbox 167 551 206 612; x_wconf 93' lang='lat' dir='ltr'>de</span> <span class='ocrx_word' id='word_1_16' title='bbox 230 555 289 613; x_wconf 90' lang='lat' dir='ltr'>sub</span> <span class='ocrx_word' id='word_1_17' title='bbox 315 553 390 634; x_wconf 76' lang='lat' dir='ltr'>iugo</span> <span class='ocrx_word' id='word_1_18' title='bbox 415 552 542 632; x_wconf 75' lang='lat' dir='ltr'>regulae</span> <span class='ocrx_word' id='word_1_19' title='bbox 569 559 737 626; x_wconf 78' lang='lat' dir='ltr'>excutere,</span> <span class='ocrx_word' id='word_1_20' title='bbox 766 549 822 610; x_wconf 88' lang='lat' dir='ltr'>sed</span> <span class='ocrx_word' id='word_1_21' title='bbox 848 553 945 631; x_wconf 81' lang='lat' dir='ltr'>magis</span> <span class='ocrx_word' id='word_1_22' title='bbox 970 547 1113 608; x_wconf 87' lang='lat' dir='ltr'>eiusdem</span> <span class='ocrx_word' id='word_1_23' title='bbox 1140 541 1278 623; x_wconf 80' lang='lat' dir='ltr'>regulae</span> 
     </span>
    </p>
   </div>
   <div class='ocr_carea' id='block_1_3' title="bbox 164 631 1285 1271">
    <p class='ocr_par' dir='ltr' id='par_1_3' title="bbox 164 631 1285 1271">
     <span class='ocr_line' id='line_1_4' title="bbox 166 631 1281 714; baseline -0.01 -23"><span class='ocrx_word' id='word_1_24' title='bbox 166 633 307 695; x_wconf 85' lang='lat' dir='ltr'>fideliter</span> <span class='ocrx_word' id='word_1_25' title='bbox 334 657 367 694; x_wconf 89' lang='lat' dir='ltr'>se</span> <span class='ocrx_word' id='word_1_26' title='bbox 391 643 561 714; x_wconf 79' lang='lat' dir='ltr'>cognoscat</span> <span class='ocrx_word' id='word_1_27' title='bbox 583 633 728 692; x_wconf 84' lang='lat' dir='ltr'>instituta</span> <span class='ocrx_word' id='word_1_28' title='bbox 747 653 874 692; x_wconf 85' lang='lat' dir='ltr'>servare</span> <span class='ocrx_word' id='word_1_29' title='bbox 897 642 929 690; x_wconf 90' lang='lat' dir='ltr'>et</span> <span class='ocrx_word' id='word_1_30' title='bbox 946 631 1084 691; x_wconf 89' lang='lat' dir='ltr'>Domino</span> <span class='ocrx_word' id='word_1_31' title='bbox 1110 648 1185 685; x_wconf 89' lang='lat' dir='ltr'>cum</span> <span class='ocrx_word' id='word_1_32' title='bbox 1207 643 1281 684; x_wconf 87' lang='lat' dir='ltr'>cae·</span> 
     </span>
     <span class='ocr_line' id='line_1_5' title="bbox 166 706 1281 798; baseline -0.01 -23"><span class='ocrx_word' id='word_1_33' title='bbox 166 715 243 776; x_wconf 88' lang='lat' dir='ltr'>teris</span> <span class='ocrx_word' id='word_1_34' title='bbox 273 717 408 798; x_wconf 76' lang='lat' dir='ltr'>gratanti</span> <span class='ocrx_word' id='word_1_35' title='bbox 436 716 541 774; x_wconf 88' lang='lat' dir='ltr'>animo</span> <span class='ocrx_word' id='word_1_36' title='bbox 568 715 716 778; x_wconf 84' lang='lat' dir='ltr'>militare.</span> <span class='ocrx_word' id='word_1_37' title='bbox 762 715 801 773; x_wconf 75' lang='lat' dir='ltr'>t’t</span> <span class='ocrx_word' id='word_1_38' title='bbox 831 724 866 772; x_wconf 91' lang='lat' dir='ltr'>ut</span> <span class='ocrx_word' id='word_1_39' title='bbox 897 713 977 773; x_wconf 81' lang='lat' dir='ltr'>bare</span> <span class='ocrx_word' id='word_1_40' title='bbox 1008 719 1114 770; x_wconf 89' lang='lat' dir='ltr'>nostra</span> <span class='ocrx_word' id='word_1_41' title='bbox 1142 706 1281 768; x_wconf 88' lang='lat' dir='ltr'>traditio</span> 
     </span>
     <span class='ocr_line' id='line_1_6' title="bbox 166 791 1282 880; baseline -0.013 -22"><span class='ocrx_word' id='word_1_42' title='bbox 166 798 355 858; x_wconf 82' lang='lat' dir='ltr'>inconvulsa</span> <span class='ocrx_word' id='word_1_43' title='bbox 369 805 566 880; x_wconf 85' lang='lat' dir='ltr'>permaneat,</span> <span class='ocrx_word' id='word_1_44' title='bbox 586 797 735 878; x_wconf 78' lang='lat' dir='ltr'>promitto</span> <span class='ocrx_word' id='word_1_45' title='bbox 759 817 831 855; x_wconf 90' lang='lat' dir='ltr'>cum</span> <span class='ocrx_word' id='word_1_46' title='bbox 853 794 1059 854; x_wconf 88' lang='lat' dir='ltr'>iureiurando</span> <span class='ocrx_word' id='word_1_47' title='bbox 1076 813 1182 851; x_wconf 84' lang='lat' dir='ltr'>coram</span> <span class='ocrx_word' id='word_1_48' title='bbox 1205 791 1282 847; x_wconf 91' lang='lat' dir='ltr'>Deo</span> 
     </span>
     <span class='ocr_line' id='line_1_7' title="bbox 166 879 1282 962; baseline -0.011 -22"><span class='ocrx_word' id='word_1_49' title='bbox 166 891 199 940; x_wconf 90' lang='lat' dir='ltr'>et</span> <span class='ocrx_word' id='word_1_50' title='bbox 220 881 351 962; x_wconf 75' lang='lat' dir='ltr'>Angelis</span> <span class='ocrx_word' id='word_1_51' title='bbox 374 880 443 940; x_wconf 89' lang='lat' dir='ltr'>eius</span> <span class='ocrx_word' id='word_1_52' title='bbox 464 879 538 960; x_wconf 85' lang='lat' dir='ltr'>quia</span> <span class='ocrx_word' id='word_1_53' title='bbox 564 901 727 958; x_wconf 81' lang='lat' dir='ltr'>nunquam</span> <span class='ocrx_word' id='word_1_54' title='bbox 751 901 808 959; x_wconf 90' lang='lat' dir='ltr'>per</span> <span class='ocrx_word' id='word_1_55' title='bbox 829 901 897 955; x_wconf 86' lang='lat' dir='ltr'>me,</span> <span class='ocrx_word' id='word_1_56' title='bbox 931 898 1095 958; x_wconf 89' lang='lat' dir='ltr'>nunquam</span> <span class='ocrx_word' id='word_1_57' title='bbox 1122 895 1181 956; x_wconf 89' lang='lat' dir='ltr'>per</span> <span class='ocrx_word' id='word_1_58' title='bbox 1205 892 1282 930; x_wconf 88' lang='lat' dir='ltr'>sus-</span> 
     </span>
     <span class='ocr_line' id='line_1_8' title="bbox 164 961 1284 1044; baseline -0.009 -24"><span class='ocrx_word' id='word_1_59' title='bbox 164 971 291 1044; x_wconf 78' lang='lat' dir='ltr'><strong>pectam</strong></span> <span class='ocrx_word' id='word_1_60' title='bbox 319 983 507 1044; x_wconf 87' lang='lat' dir='ltr'>personam,</span> <span class='ocrx_word' id='word_1_61' title='bbox 531 983 595 1030; x_wconf 67' lang='lat' dir='ltr'>¹nec</span> <span class='ocrx_word' id='word_1_62' title='bbox 619 961 765 1041; x_wconf 85' lang='lat' dir='ltr'>quolibet</span> <span class='ocrx_word' id='word_1_63' title='bbox 795 961 888 1020; x_wconf 91' lang='lat' dir='ltr'>modo</span> <span class='ocrx_word' id='word_1_64' title='bbox 913 983 970 1042; x_wconf 89' lang='lat' dir='ltr'>per</span> <span class='ocrx_word' id='word_1_65' title='bbox 998 979 1106 1019; x_wconf 89' lang='lat' dir='ltr'>rerum</span> <span class='ocrx_word' id='word_1_66' title='bbox 1129 973 1284 1014; x_wconf 85' lang='lat' dir='ltr'>mearum</span> 
     </span>
     <span class='ocr_line' id='line_1_9' title="bbox 164 1039 1285 1124; baseline -0.011 -20"><span class='ocrx_word' id='word_1_67' title='bbox 164 1046 332 1105; x_wconf 76' lang='lat' dir='ltr'><strong>facultates</strong></span> <span class='ocrx_word' id='word_1_68' title='bbox 355 1044 529 1124; x_wconf 84' lang='lat' dir='ltr'>aliquando</span> <span class='ocrx_word' id='word_1_69' title='bbox 557 1043 744 1124; x_wconf 81' lang='lat' dir='ltr'>egrediendi</span> <span class='ocrx_word' id='word_1_70' title='bbox 776 1043 815 1103; x_wconf 89' lang='lat' dir='ltr'>de</span> <span class='ocrx_word' id='word_1_71' title='bbox 841 1043 1033 1102; x_wconf 85' lang='lat' dir='ltr'>blonasterio</span> <span class='ocrx_word' id='word_1_72' title='bbox 1058 1039 1200 1099; x_wconf 80' lang='lat' dir='ltr'>tribuam</span> <span class='ocrx_word' id='word_1_73' title='bbox 1230 1057 1285 1094; x_wconf 91' lang='lat' dir='ltr'>oc-</span> 
     </span>
     <span class='ocr_line' id='line_1_10' title="bbox 166 1124 1285 1207; baseline -0.011 -20"><span class='ocrx_word' id='word_1_74' title='bbox 166 1127 337 1191; x_wconf 57' lang='lat' dir='ltr'>censionem,</span> <span class='ocrx_word' id='word_1_75' title='bbox 378 1128 420 1184; x_wconf 89' lang='lat' dir='ltr'>Et</span> <span class='ocrx_word' id='word_1_76' title='bbox 446 1135 481 1185; x_wconf 90' lang='lat' dir='ltr'>ut</span> <span class='ocrx_word' id='word_1_77' title='bbox 504 1126 581 1186; x_wconf 88' lang='lat' dir='ltr'>baec</span> <span class='ocrx_word' id='word_1_78' title='bbox 613 1127 724 1206; x_wconf 86' lang='lat' dir='ltr'>petitio</span> <span class='ocrx_word' id='word_1_79' title='bbox 745 1124 833 1184; x_wconf 80' lang='lat' dir='ltr'>lirina</span> <span class='ocrx_word' id='word_1_80' title='bbox 863 1133 1064 1207; x_wconf 83' lang='lat' dir='ltr'>permaneat,</span> <span class='ocrx_word' id='word_1_81' title='bbox 1086 1142 1183 1180; x_wconf 88' lang='lat' dir='ltr'>manu</span> <span class='ocrx_word' id='word_1_82' title='bbox 1208 1139 1285 1180; x_wconf 83' lang='lat' dir='ltr'>mea</span> 
     </span>
     <span class='ocr_line' id='line_1_11' title="bbox 165 1207 1285 1271; baseline -0.008 0"><span class='ocrx_word' id='word_1_83' title='bbox 165 1231 234 1271; x_wconf 85' lang='lat' dir='ltr'>eam</span> <span class='ocrx_word' id='word_1_84' title='bbox 255 1210 365 1270; x_wconf 81' lang='lat' dir='ltr'>subter</span> <span class='ocrx_word' id='word_1_85' title='bbox 390 1208 522 1270; x_wconf 70' lang='lat' dir='ltr'>firmari.</span> <span class='ocrx_word' id='word_1_86' title='bbox 565 1207 623 1268; x_wconf 84' lang='lat' dir='ltr'>tsti</span> <span class='ocrx_word' id='word_1_87' title='bbox 651 1217 726 1268; x_wconf 88' lang='lat' dir='ltr'>sunt</span> <span class='ocrx_word' id='word_1_88' title='bbox 753 1215 860 1270; x_wconf 87' lang='lat' dir='ltr'>testes.</span> <span class='ocrx_word' id='word_1_89' title='bbox 1277 1239 1285 1262; x_wconf 72' lang='grc' dir='ltr'>ι</span> 
     </span>
    </p>
   </div>
   <div class='ocr_carea' id='block_1_4' title="bbox 382 1336 1055 1400">
    <p class='ocr_par' dir='ltr' id='par_1_4' title="bbox 382 1336 1055 1400">
     <span class='ocr_line' id='line_1_12' title="bbox 382 1336 1055 1400; baseline -0.001 0"><span class='ocrx_word' id='word_1_90' title='bbox 382 1339 557 1400; x_wconf 86' lang='lat' dir='ltr'>Promissio</span> <span class='ocrx_word' id='word_1_91' title='bbox 587 1339 768 1398; x_wconf 74' lang='lat' dir='ltr'>stabilitatis</span> <span class='ocrx_word' id='word_1_92' title='bbox 796 1337 829 1394; x_wconf 87' lang='lat' dir='ltr'>iu</span> <span class='ocrx_word' id='word_1_93' title='bbox 851 1336 1055 1399; x_wconf 80' lang='lat' dir='ltr'>lllouasterio.</span> 
     </span>
    </p>
   </div>
   <div class='ocr_carea' id='block_1_5' title="bbox 103 1448 1292 3567">
    <p class='ocr_par' dir='ltr' id='par_1_5' title="bbox 161 1448 1292 3325">
     <span class='ocr_line' id='line_1_13' title="bbox 246 1448 1285 1535; baseline -0.008 -19"><span class='ocrx_word' id='word_1_94' title='bbox 246 1455 383 1522; x_wconf 77' lang='lat' dir='ltr'>xxxtt</span> <span class='ocrx_word' id='word_1_95' title='bbox 424 1456 492 1535; x_wconf 81' lang='lat' dir='ltr'>Ego</span> <span class='ocrx_word' id='word_1_96' title='bbox 516 1453 573 1514; x_wconf 89' lang='lat' dir='ltr'>ille</span> <span class='ocrx_word' id='word_1_97' title='bbox 598 1453 691 1513; x_wconf 90' lang='lat' dir='ltr'>initio</span> <span class='ocrx_word' id='word_1_98' title='bbox 714 1450 966 1513; x_wconf 85' lang='lat' dir='ltr'>conversationis</span> <span class='ocrx_word' id='word_1_99' title='bbox 988 1472 1076 1510; x_wconf 86' lang='lat' dir='ltr'>meae</span> <span class='ocrx_word' id='word_1_100' title='bbox 1098 1448 1285 1530; x_wconf 78' lang='lat' dir='ltr'>diligenter</span> 
     </span>
     <span class='ocr_line' id='line_1_14' title="bbox 166 1533 1285 1618; baseline -0.01 -20"><span class='ocrx_word' id='word_1_101' title='bbox 166 1537 343 1600; x_wconf 78' lang='lat' dir='ltr'>adtendens</span> <span class='ocrx_word' id='word_1_102' title='bbox 362 1537 530 1599; x_wconf 84' lang='lat' dir='ltr'>considero</span> <span class='ocrx_word' id='word_1_103' title='bbox 552 1536 639 1616; x_wconf 91' lang='lat' dir='ltr'>quod</span> <span class='ocrx_word' id='word_1_104' title='bbox 659 1536 867 1618; x_wconf 74' lang='lat' dir='ltr'>petitionibus</span> <span class='ocrx_word' id='word_1_105' title='bbox 890 1533 968 1594; x_wconf 88' lang='lat' dir='ltr'>meis</span> <span class='ocrx_word' id='word_1_106' title='bbox 984 1534 1121 1615; x_wconf 85' lang='lat' dir='ltr'>primurn</span> <span class='ocrx_word' id='word_1_107' title='bbox 1143 1553 1212 1590; x_wconf 92' lang='lat' dir='ltr'>non</span> <span class='ocrx_word' id='word_1_108' title='bbox 1233 1533 1285 1589; x_wconf 87' lang='lat' dir='ltr'>fa-</span> 
     </span>
     <span class='ocr_line' id='line_1_15' title="bbox 164 1611 1287 1697; baseline -0.009 -15"><span class='ocrx_word' id='word_1_109' title='bbox 164 1622 235 1682; x_wconf 87' lang='lat' dir='ltr'>cilis</span> <span class='ocrx_word' id='word_1_110' title='bbox 258 1642 426 1682; x_wconf 84' lang='lat' dir='ltr'>concessus</span> <span class='ocrx_word' id='word_1_111' title='bbox 447 1629 493 1678; x_wconf 90' lang='lat' dir='ltr'>est</span> <span class='ocrx_word' id='word_1_112' title='bbox 518 1619 676 1695; x_wconf 82' lang='lat' dir='ltr'>introitus,</span> <span class='ocrx_word' id='word_1_113' title='bbox 698 1618 752 1678; x_wconf 88' lang='lat' dir='ltr'>sed</span> <span class='ocrx_word' id='word_1_114' title='bbox 777 1618 833 1678; x_wconf 90' lang='lat' dir='ltr'>diu</span> <span class='ocrx_word' id='word_1_115' title='bbox 859 1617 949 1675; x_wconf 85' lang='lat' dir='ltr'>mihi·</span> <span class='ocrx_word' id='word_1_116' title='bbox 962 1611 1100 1697; x_wconf 73' lang='lat' dir='ltr'>pulsanti</span> <span class='ocrx_word' id='word_1_117' title='bbox 1122 1614 1179 1673; x_wconf 77' lang='lat' dir='ltr'>vix</span> <span class='ocrx_word' id='word_1_118' title='bbox 1207 1613 1287 1672; x_wconf 87' lang='lat' dir='ltr'>hos·</span> 
     </span>
     <span class='ocr_line' id='line_1_16' title="bbox 163 1699 1285 1786; baseline -0.007 -25"><span class='ocrx_word' id='word_1_119' title='bbox 163 1703 236 1786; x_wconf 91' lang='lat' dir='ltr'>pitii</span> <span class='ocrx_word' id='word_1_120' title='bbox 267 1705 356 1762; x_wconf 90' lang='lat' dir='ltr'>locus</span> <span class='ocrx_word' id='word_1_121' title='bbox 384 1711 432 1762; x_wconf 88' lang='lat' dir='ltr'>est</span> <span class='ocrx_word' id='word_1_122' title='bbox 457 1700 707 1760; x_wconf 83' lang='lat' dir='ltr'>misericorditer</span> <span class='ocrx_word' id='word_1_123' title='bbox 726 1700 921 1770; x_wconf 82' lang='lat' dir='ltr'>adtributus;</span> <span class='ocrx_word' id='word_1_124' title='bbox 957 1699 991 1757; x_wconf 91' lang='lat' dir='ltr'>in</span> <span class='ocrx_word' id='word_1_125' title='bbox 1020 1719 1084 1778; x_wconf 92' lang='lat' dir='ltr'>quo</span> <span class='ocrx_word' id='word_1_126' title='bbox 1110 1717 1171 1778; x_wconf 91' lang='lat' dir='ltr'>per</span> <span class='ocrx_word' id='word_1_127' title='bbox 1196 1717 1285 1776; x_wconf 84' lang='lat' dir='ltr'>pan-</span> 
     </span>
     <span class='ocr_line' id='line_1_17' title="bbox 164 1782 1285 1862; baseline -0.008 -16"><span class='ocrx_word' id='word_1_128' title='bbox 164 1807 218 1846; x_wconf 91' lang='lat' dir='ltr'>cos</span> <span class='ocrx_word' id='word_1_129' title='bbox 251 1787 318 1846; x_wconf 90' lang='lat' dir='ltr'>dies</span> <span class='ocrx_word' id='word_1_130' title='bbox 348 1785 547 1858; x_wconf 90' lang='lat' dir='ltr'>demoratus,</span> <span class='ocrx_word' id='word_1_131' title='bbox 577 1782 777 1842; x_wconf 80' lang='lat' dir='ltr'>noviciorum</span> <span class='ocrx_word' id='word_1_132' title='bbox 811 1805 880 1843; x_wconf 89' lang='lat' dir='ltr'>sum</span> <span class='ocrx_word' id='word_1_133' title='bbox 909 1783 1038 1841; x_wconf 91' lang='lat' dir='ltr'>domum</span> <span class='ocrx_word' id='word_1_134' title='bbox 1068 1799 1285 1862; x_wconf 57' lang='lat' dir='ltr'>progressam</span> 
     </span>
     <span class='ocr_line' id='line_1_18' title="bbox 166 1864 1287 1948; baseline -0.008 -22"><span class='ocrx_word' id='word_1_135' title='bbox 166 1867 199 1926; x_wconf 91' lang='lat' dir='ltr'>in</span> <span class='ocrx_word' id='word_1_136' title='bbox 221 1889 285 1948; x_wconf 86' lang='lat' dir='ltr'>qua</span> <span class='ocrx_word' id='word_1_137' title='bbox 309 1866 388 1925; x_wconf 90' lang='lat' dir='ltr'>mihi</span> <span class='ocrx_word' id='word_1_138' title='bbox 412 1867 490 1925; x_wconf 87' lang='lat' dir='ltr'>dura</span> <span class='ocrx_word' id='word_1_139' title='bbox 516 1872 548 1924; x_wconf 92' lang='lat' dir='ltr'>et</span> <span class='ocrx_word' id='word_1_140' title='bbox 569 1886 678 1944; x_wconf 90' lang='lat' dir='ltr'>aspera</span> <span class='ocrx_word' id='word_1_141' title='bbox 701 1865 840 1946; x_wconf 89' lang='lat' dir='ltr'>primum</span> <span class='ocrx_word' id='word_1_142' title='bbox 866 1864 884 1923; x_wconf 79' lang='lat' dir='ltr'>d</span> <span class='ocrx_word' id='word_1_143' title='bbox 910 1864 1043 1924; x_wconf 88' lang='lat' dir='ltr'>Seniore</span> <span class='ocrx_word' id='word_1_144' title='bbox 1073 1871 1150 1922; x_wconf 88' lang='lat' dir='ltr'>sunt</span> <span class='ocrx_word' id='word_1_145' title='bbox 1180 1881 1287 1941; x_wconf 85' lang='lat' dir='ltr'>prae-</span> 
     </span>
     <span class='ocr_line' id='line_1_19' title="bbox 164 1942 1285 2027; baseline -0.009 -18"><span class='ocrx_word' id='word_1_146' title='bbox 164 1950 286 2026; x_wconf 87' lang='lat' dir='ltr'>dicata,</span> <span class='ocrx_word' id='word_1_147' title='bbox 315 1958 348 2010; x_wconf 91' lang='lat' dir='ltr'>et</span> <span class='ocrx_word' id='word_1_148' title='bbox 374 1946 554 2008; x_wconf 76' lang='lat' dir='ltr'>stabilitatis</span> <span class='ocrx_word' id='word_1_149' title='bbox 582 1967 669 2006; x_wconf 86' lang='lat' dir='ltr'>meae</span> <span class='ocrx_word' id='word_1_150' title='bbox 704 1946 872 2027; x_wconf 85' lang='lat' dir='ltr'>promissio</span> <span class='ocrx_word' id='word_1_151' title='bbox 899 1947 1060 2026; x_wconf 86' lang='lat' dir='ltr'>expetita,</span> <span class='ocrx_word' id='word_1_152' title='bbox 1094 1954 1127 2004; x_wconf 89' lang='lat' dir='ltr'>et</span> <span class='ocrx_word' id='word_1_153' title='bbox 1161 1951 1219 2001; x_wconf 84' lang='lat' dir='ltr'>ter</span> <span class='ocrx_word' id='word_1_154' title='bbox 1249 1942 1285 2000; x_wconf 88' lang='lat' dir='ltr'>iu</span> 
     </span>
     <span class='ocr_line' id='line_1_20' title="bbox 163 2024 1283 2112; baseline -0.008 -22"><span class='ocrx_word' id='word_1_155' title='bbox 163 2053 248 2091; x_wconf 89' lang='lat' dir='ltr'>anno</span> <span class='ocrx_word' id='word_1_156' title='bbox 276 2033 358 2091; x_wconf 88' lang='lat' dir='ltr'>lecta</span> <span class='ocrx_word' id='word_1_157' title='bbox 384 2041 479 2112; x_wconf 89' lang='lat' dir='ltr'>atque</span> <span class='ocrx_word' id='word_1_158' title='bbox 502 2029 616 2088; x_wconf 87' lang='lat' dir='ltr'>tradita</span> <span class='ocrx_word' id='word_1_159' title='bbox 636 2029 747 2110; x_wconf 80' lang='lat' dir='ltr'>regula</span> <span class='ocrx_word' id='word_1_160' title='bbox 773 2051 845 2090; x_wconf 89' lang='lat' dir='ltr'>cum</span> <span class='ocrx_word' id='word_1_161' title='bbox 873 2027 1092 2087; x_wconf 86' lang='lat' dir='ltr'>admonitione</span> <span class='ocrx_word' id='word_1_162' title='bbox 1115 2024 1283 2084; x_wconf 88' lang='lat' dir='ltr'>dicentis:</span> 
     </span>
     <span class='ocr_line' id='line_1_21' title="bbox 162 2105 1284 2192; baseline -0.007 -20"><span class='ocrx_word' id='word_1_163' title='bbox 162 2113 247 2174; x_wconf 89' lang='lat' dir='ltr'>Ecce</span> <span class='ocrx_word' id='word_1_164' title='bbox 270 2115 323 2173; x_wconf 83' lang='lat' dir='ltr'>lex</span> <span class='ocrx_word' id='word_1_165' title='bbox 349 2112 407 2173; x_wconf 88' lang='lat' dir='ltr'>sub</span> <span class='ocrx_word' id='word_1_166' title='bbox 429 2134 492 2192; x_wconf 86' lang='lat' dir='ltr'>qua</span> <span class='ocrx_word' id='word_1_167' title='bbox 520 2110 658 2170; x_wconf 89' lang='lat' dir='ltr'>militare</span> <span class='ocrx_word' id='word_1_168' title='bbox 682 2111 739 2171; x_wconf 85' lang='lat' dir='ltr'>vis.</span> <span class='ocrx_word' id='word_1_169' title='bbox 782 2111 815 2172; x_wconf 90' lang='lat' dir='ltr'>Si</span> <span class='ocrx_word' id='word_1_170' title='bbox 840 2117 930 2191; x_wconf 85' lang='lat' dir='ltr'>potes</span> <span class='ocrx_word' id='word_1_171' title='bbox 957 2110 1137 2181; x_wconf 87' lang='lat' dir='ltr'>observare,</span> <span class='ocrx_word' id='word_1_172' title='bbox 1162 2105 1284 2186; x_wconf 85' lang='lat' dir='ltr'>ingre-</span> 
     </span>
     <span class='ocr_line' id='line_1_22' title="bbox 164 2188 1286 2275; baseline -0.009 -21"><span class='ocrx_word' id='word_1_173' title='bbox 164 2195 250 2254; x_wconf 89' lang='lat' dir='ltr'>dere.</span> <span class='ocrx_word' id='word_1_174' title='bbox 294 2194 327 2254; x_wconf 90' lang='lat' dir='ltr'>Si</span> <span class='ocrx_word' id='word_1_175' title='bbox 352 2217 415 2254; x_wconf 91' lang='lat' dir='ltr'>non</span> <span class='ocrx_word' id='word_1_176' title='bbox 439 2203 540 2275; x_wconf 88' lang='lat' dir='ltr'>putes,</span> <span class='ocrx_word' id='word_1_177' title='bbox 563 2193 647 2252; x_wconf 88' lang='lat' dir='ltr'>liber</span> <span class='ocrx_word' id='word_1_178' title='bbox 665 2193 804 2253; x_wconf 80' lang='lat' dir='ltr'>discede.</span> <span class='ocrx_word' id='word_1_179' title='bbox 845 2193 913 2250; x_wconf 89' lang='lat' dir='ltr'>Hoc</span> <span class='ocrx_word' id='word_1_180' title='bbox 934 2213 1007 2269; x_wconf 70' lang='lat' dir='ltr'>erga</span> <span class='ocrx_word' id='word_1_181' title='bbox 1032 2189 1159 2265; x_wconf 88' lang='lat' dir='ltr'>videns,</span> <span class='ocrx_word' id='word_1_182' title='bbox 1182 2188 1286 2246; x_wconf 89' lang='lat' dir='ltr'>ordi·</span> 
     </span>
     <span class='ocr_line' id='line_1_23' title="bbox 162 2269 1283 2356; baseline -0.008 -22"><span class='ocrx_word' id='word_1_183' title='bbox 162 2275 359 2335; x_wconf 80' lang='lat' dir='ltr'>notissimum</span> <span class='ocrx_word' id='word_1_184' title='bbox 380 2286 474 2356; x_wconf 87' lang='lat' dir='ltr'>atque</span> <span class='ocrx_word' id='word_1_185' title='bbox 505 2297 664 2334; x_wconf 88' lang='lat' dir='ltr'>morosum</span> <span class='ocrx_word' id='word_1_186' title='bbox 689 2276 766 2334; x_wconf 89' lang='lat' dir='ltr'>mibi</span> <span class='ocrx_word' id='word_1_187' title='bbox 791 2273 926 2356; x_wconf 87' lang='lat' dir='ltr'>spatium</span> <span class='ocrx_word' id='word_1_188' title='bbox 952 2271 1149 2332; x_wconf 88' lang='lat' dir='ltr'>adtributum</span> <span class='ocrx_word' id='word_1_189' title='bbox 1175 2269 1283 2330; x_wconf 88' lang='lat' dir='ltr'>dubi-</span> 
     </span>
     <span class='ocr_line' id='line_1_24' title="bbox 161 2352 1284 2438; baseline -0.005 -22"><span class='ocrx_word' id='word_1_190' title='bbox 161 2367 232 2417; x_wconf 87' lang='lat' dir='ltr'>tans</span> <span class='ocrx_word' id='word_1_191' title='bbox 260 2358 380 2416; x_wconf 89' lang='lat' dir='ltr'>aditum</span> <span class='ocrx_word' id='word_1_192' title='bbox 409 2358 632 2438; x_wconf 81' lang='lat' dir='ltr'>praetermisso</span> <span class='ocrx_word' id='word_1_193' title='bbox 655 2364 689 2416; x_wconf 86' lang='lat' dir='ltr'>nt</span> <span class='ocrx_word' id='word_1_194' title='bbox 717 2380 767 2418; x_wconf 90' lang='lat' dir='ltr'>me</span> <span class='ocrx_word' id='word_1_195' title='bbox 798 2359 858 2416; x_wconf 86' lang='lat' dir='ltr'>iam</span> <span class='ocrx_word' id='word_1_196' title='bbox 884 2363 990 2416; x_wconf 83' lang='lat' dir='ltr'>vestro</span> <span class='ocrx_word' id='word_1_197' title='bbox 1022 2352 1150 2432; x_wconf 84' lang='lat' dir='ltr'>corpori</span> <span class='ocrx_word' id='word_1_198' title='bbox 1173 2353 1284 2411; x_wconf 87' lang='lat' dir='ltr'>sociu-</span> 
     </span>
     <span class='ocr_line' id='line_1_25' title="bbox 164 2435 1285 2520; baseline -0.006 -21"><span class='ocrx_word' id='word_1_199' title='bbox 164 2461 199 2499; x_wconf 87' lang='lat' dir='ltr'>re</span> <span class='ocrx_word' id='word_1_200' title='bbox 221 2438 400 2520; x_wconf 81' lang='lat' dir='ltr'>dignemini</span> <span class='ocrx_word' id='word_1_201' title='bbox 419 2438 586 2498; x_wconf 90' lang='lat' dir='ltr'>humiliter</span> <span class='ocrx_word' id='word_1_202' title='bbox 609 2440 756 2520; x_wconf 86' lang='lat' dir='ltr'>deposco.</span> <span class='ocrx_word' id='word_1_203' title='bbox 798 2439 867 2516; x_wconf 70' lang='lat' dir='ltr'>Ego</span> <span class='ocrx_word' id='word_1_204' title='bbox 893 2447 1000 2496; x_wconf 88' lang='lat' dir='ltr'>tamen</span> <span class='ocrx_word' id='word_1_205' title='bbox 1024 2435 1120 2495; x_wconf 88' lang='lat' dir='ltr'>huius</span> <span class='ocrx_word' id='word_1_206' title='bbox 1136 2435 1285 2514; x_wconf 79' lang='lat' dir='ltr'>regulae</span> 
     </span>
     <span class='ocr_line' id='line_1_26' title="bbox 163 2515 1285 2602; baseline -0.006 -23"><span class='ocrx_word' id='word_1_207' title='bbox 163 2521 321 2596; x_wconf 83' lang='lat' dir='ltr'>instituta,</span> <span class='ocrx_word' id='word_1_208' title='bbox 345 2521 482 2579; x_wconf 90' lang='lat' dir='ltr'>Domino</span> <span class='ocrx_word' id='word_1_209' title='bbox 510 2519 649 2597; x_wconf 88' lang='lat' dir='ltr'>iuvante,</span> <span class='ocrx_word' id='word_1_210' title='bbox 670 2543 794 2582; x_wconf 84' lang='lat' dir='ltr'>servare</span> <span class='ocrx_word' id='word_1_211' title='bbox 821 2515 980 2602; x_wconf 78' lang='lat' dir='ltr'>promitto,</span> <span class='ocrx_word' id='word_1_212' title='bbox 1003 2526 1035 2579; x_wconf 86' lang='lat' dir='ltr'>ct</span> <span class='ocrx_word' id='word_1_213' title='bbox 1059 2525 1193 2598; x_wconf 88' lang='lat' dir='ltr'>propter</span> <span class='ocrx_word' id='word_1_214' title='bbox 1228 2516 1285 2576; x_wconf 82' lang='lat' dir='ltr'>vi·</span> 
     </span>
     <span class='ocr_line' id='line_1_27' title="bbox 161 2597 1288 2682; baseline -0.005 -22"><span class='ocrx_word' id='word_1_215' title='bbox 161 2611 212 2662; x_wconf 88' lang='lat' dir='ltr'>tae</span> <span class='ocrx_word' id='word_1_216' title='bbox 236 2612 383 2661; x_wconf 83' lang='lat' dir='ltr'>aeternae</span> <span class='ocrx_word' id='word_1_217' title='bbox 407 2603 582 2682; x_wconf 89' lang='lat' dir='ltr'>praemium</span> <span class='ocrx_word' id='word_1_218' title='bbox 604 2624 709 2663; x_wconf 88' lang='lat' dir='ltr'>coram</span> <span class='ocrx_word' id='word_1_219' title='bbox 733 2607 803 2664; x_wconf 89' lang='lat' dir='ltr'>Deo</span> <span class='ocrx_word' id='word_1_220' title='bbox 826 2613 858 2662; x_wconf 92' lang='lat' dir='ltr'>et</span> <span class='ocrx_word' id='word_1_221' title='bbox 891 2601 1023 2682; x_wconf 81' lang='lat' dir='ltr'>Angelis</span> <span class='ocrx_word' id='word_1_222' title='bbox 1049 2599 1117 2659; x_wconf 90' lang='lat' dir='ltr'>eius</span> <span class='ocrx_word' id='word_1_223' title='bbox 1141 2597 1288 2657; x_wconf 88' lang='lat' dir='ltr'>humili·</span> 
     </span>
     <span class='ocr_line' id='line_1_28' title="bbox 161 2679 1289 2760; baseline -0.005 -17"><span class='ocrx_word' id='word_1_224' title='bbox 161 2693 212 2744; x_wconf 83' lang='lat' dir='ltr'>ter</span> <span class='ocrx_word' id='word_1_225' title='bbox 233 2684 445 2743; x_wconf 89' lang='lat' dir='ltr'>militaturum</span> <span class='ocrx_word' id='word_1_226' title='bbox 471 2684 604 2760; x_wconf 85' lang='lat' dir='ltr'>subicio,</span> <span class='ocrx_word' id='word_1_227' title='bbox 636 2685 679 2744; x_wconf 87' lang='lat' dir='ltr'>ita</span> <span class='ocrx_word' id='word_1_228' title='bbox 702 2697 737 2746; x_wconf 89' lang='lat' dir='ltr'>ut</span> <span class='ocrx_word' id='word_1_229' title='bbox 757 2685 794 2744; x_wconf 85' lang='lat' dir='ltr'>ab</span> <span class='ocrx_word' id='word_1_230' title='bbox 816 2685 874 2745; x_wconf 90' lang='lat' dir='ltr'>bac</span> <span class='ocrx_word' id='word_1_231' title='bbox 897 2684 948 2743; x_wconf 86' lang='lat' dir='ltr'>die</span> <span class='ocrx_word' id='word_1_232' title='bbox 975 2703 1040 2742; x_wconf 90' lang='lat' dir='ltr'>uon</span> <span class='ocrx_word' id='word_1_233' title='bbox 1066 2679 1145 2739; x_wconf 90' lang='lat' dir='ltr'>mibi</span> <span class='ocrx_word' id='word_1_234' title='bbox 1175 2679 1289 2740; x_wconf 88' lang='lat' dir='ltr'>liceat</span> 
     </span>
     <span class='ocr_line' id='line_1_29' title="bbox 163 2760 1288 2848; baseline -0.007 -22"><span class='ocrx_word' id='word_1_235' title='bbox 163 2768 283 2826; x_wconf 90' lang='lat' dir='ltr'>collum</span> <span class='ocrx_word' id='word_1_236' title='bbox 307 2765 345 2826; x_wconf 90' lang='lat' dir='ltr'>de</span> <span class='ocrx_word' id='word_1_237' title='bbox 370 2768 428 2826; x_wconf 91' lang='lat' dir='ltr'>sub</span> <span class='ocrx_word' id='word_1_238' title='bbox 453 2767 701 2848; x_wconf 81' lang='lat' dir='ltr'>iugoexcutere</span> <span class='ocrx_word' id='word_1_239' title='bbox 721 2769 862 2847; x_wconf 79' lang='lat' dir='ltr'>regulae,</span> <span class='ocrx_word' id='word_1_240' title='bbox 891 2765 967 2846; x_wconf 86' lang='lat' dir='ltr'>quia</span> <span class='ocrx_word' id='word_1_241' title='bbox 986 2765 1045 2824; x_wconf 91' lang='lat' dir='ltr'>sub</span> <span class='ocrx_word' id='word_1_242' title='bbox 1073 2760 1185 2822; x_wconf 86' lang='lat' dir='ltr'>annali</span> <span class='ocrx_word' id='word_1_243' title='bbox 1219 2785 1288 2843; x_wconf 92' lang='lat' dir='ltr'>op-</span> 
     </span>
     <span class='ocr_line' id='line_1_30' title="bbox 163 2845 1289 2928; baseline -0.004 -21"><span class='ocrx_word' id='word_1_244' title='bbox 163 2850 250 2907; x_wconf 84' lang='lat' dir='ltr'>tione</span> <span class='ocrx_word' id='word_1_245' title='bbox 279 2857 333 2906; x_wconf 89' lang='lat' dir='ltr'>aut</span> <span class='ocrx_word' id='word_1_246' title='bbox 356 2870 507 2910; x_wconf 84' lang='lat' dir='ltr'>excusare</span> <span class='ocrx_word' id='word_1_247' title='bbox 532 2849 625 2908; x_wconf 89' lang='lat' dir='ltr'>licuit</span> <span class='ocrx_word' id='word_1_248' title='bbox 654 2859 708 2908; x_wconf 86' lang='lat' dir='ltr'>aut</span> <span class='ocrx_word' id='word_1_249' title='bbox 735 2850 905 2928; x_wconf 80' lang='lat' dir='ltr'>suscipere.</span> <span class='ocrx_word' id='word_1_250' title='bbox 937 2849 996 2922; x_wconf 32' lang='lat' dir='ltr'>,Et</span> <span class='ocrx_word' id='word_1_251' title='bbox 1021 2857 1056 2906; x_wconf 86' lang='lat' dir='ltr'>ut</span> <span class='ocrx_word' id='word_1_252' title='bbox 1088 2845 1289 2924; x_wconf 81' lang='lat' dir='ltr'>haecpro-</span> 
     </span>
     <span class='ocr_line' id='line_1_31' title="bbox 162 2927 1289 3012; baseline -0.006 -21"><span class='ocrx_word' id='word_1_253' title='bbox 162 2930 309 2991; x_wconf 86' lang='lat' dir='ltr'>fessionis</span> <span class='ocrx_word' id='word_1_254' title='bbox 335 2953 423 2990; x_wconf 88' lang='lat' dir='ltr'>meae</span> <span class='ocrx_word' id='word_1_255' title='bbox 446 2931 559 3012; x_wconf 86' lang='lat' dir='ltr'>petitio</span> <span class='ocrx_word' id='word_1_256' title='bbox 583 2932 600 2989; x_wconf 78' lang='lat' dir='ltr'>d</span> <span class='ocrx_word' id='word_1_257' title='bbox 627 2933 716 2990; x_wconf 83' lang='lat' dir='ltr'>rubis</span> <span class='ocrx_word' id='word_1_258' title='bbox 738 2933 869 2990; x_wconf 80' lang='lat' dir='ltr'>firmiter</span> <span class='ocrx_word' id='word_1_259' title='bbox 892 2937 1052 3005; x_wconf 87' lang='lat' dir='ltr'>teneatur,</span> <span class='ocrx_word' id='word_1_260' title='bbox 1075 2928 1115 2986; x_wconf 89' lang='lat' dir='ltr'>ad</span> <span class='ocrx_word' id='word_1_261' title='bbox 1140 2927 1289 2984; x_wconf 81' lang='lat' dir='ltr'>uomina</span> 
     </span>
     <span class='ocr_line' id='line_1_32' title="bbox 162 3011 1290 3094; baseline -0.005 -20"><span class='ocrx_word' id='word_1_262' title='bbox 162 3013 353 3074; x_wconf 90' lang='lat' dir='ltr'>Sanctorum</span> <span class='ocrx_word' id='word_1_263' title='bbox 376 3035 513 3094; x_wconf 89' lang='lat' dir='ltr'>quorum</span> <span class='ocrx_word' id='word_1_264' title='bbox 537 3011 586 3073; x_wconf 90' lang='lat' dir='ltr'>bic</span> <span class='ocrx_word' id='word_1_265' title='bbox 615 3015 782 3094; x_wconf 81' lang='lat' dir='ltr'>Reliquiae</span> <span class='ocrx_word' id='word_1_266' title='bbox 808 3013 1019 3074; x_wconf 88' lang='lat' dir='ltr'>continentur</span> <span class='ocrx_word' id='word_1_267' title='bbox 1037 3019 1069 3070; x_wconf 84' lang='lat' dir='ltr'>et</span> <span class='ocrx_word' id='word_1_268' title='bbox 1096 3011 1290 3086; x_wconf 85' lang='lat' dir='ltr'>praesentis</span> 
     </span>
     <span class='ocr_line' id='line_1_33' title="bbox 161 3091 1292 3175; baseline -0.004 -20"><span class='ocrx_word' id='word_1_269' title='bbox 161 3096 293 3155; x_wconf 81' lang='lat' dir='ltr'>abbatis</span> <span class='ocrx_word' id='word_1_270' title='bbox 319 3096 365 3160; x_wconf 89' lang='lat' dir='ltr'>ill.</span> <span class='ocrx_word' id='word_1_271' title='bbox 389 3095 600 3175; x_wconf 87' lang='lat' dir='ltr'>conscriptam</span> <span class='ocrx_word' id='word_1_272' title='bbox 622 3095 712 3154; x_wconf 91' lang='lat' dir='ltr'>trado</span> <span class='ocrx_word' id='word_1_273' title='bbox 741 3097 772 3154; x_wconf 92' lang='lat' dir='ltr'>iu</span> <span class='ocrx_word' id='word_1_274' title='bbox 801 3103 992 3175; x_wconf 81' lang='lat' dir='ltr'>perpetuum</span> <span class='ocrx_word' id='word_1_275' title='bbox 1018 3091 1226 3166; x_wconf 87' lang='lat' dir='ltr'>habendam,</span> <span class='ocrx_word' id='word_1_276' title='bbox 1254 3102 1292 3151; x_wconf 85' lang='lat' dir='ltr'>et</span> 
     </span>
     <span class='ocr_line' id='line_1_34' title="bbox 162 3173 1290 3258; baseline -0.001 -23"><span class='ocrx_word' id='word_1_277' title='bbox 162 3199 258 3236; x_wconf 90' lang='lat' dir='ltr'>manu</span> <span class='ocrx_word' id='word_1_278' title='bbox 282 3198 351 3237; x_wconf 86' lang='lat' dir='ltr'>mea</span> <span class='ocrx_word' id='word_1_279' title='bbox 372 3179 551 3238; x_wconf 87' lang='lat' dir='ltr'>roboratam</span> <span class='ocrx_word' id='word_1_280' title='bbox 573 3198 670 3258; x_wconf 90' lang='lat' dir='ltr'>super</span> <span class='ocrx_word' id='word_1_281' title='bbox 695 3179 792 3240; x_wconf 88' lang='lat' dir='ltr'>altare</span> <span class='ocrx_word' id='word_1_282' title='bbox 814 3196 937 3258; x_wconf 89' lang='lat' dir='ltr'>repono</span> <span class='ocrx_word' id='word_1_283' title='bbox 962 3173 1150 3256; x_wconf 89' lang='lat' dir='ltr'>perenniter</span> <span class='ocrx_word' id='word_1_284' title='bbox 1172 3187 1290 3234; x_wconf 81' lang='lat' dir='ltr'>reser-</span> 
     </span>
     <span class='ocr_line' id='line_1_35' title="bbox 163 3261 1074 3325; baseline -0.007 -6"><span class='ocrx_word' id='word_1_285' title='bbox 163 3261 311 3325; x_wconf 78' lang='lat' dir='ltr'>vandam,</span> <span class='ocrx_word' id='word_1_286' title='bbox 1071 3267 1074 3276; x_wconf 83' lang='lat'>&#39;</span> 
     </span>
    </p>

    <p class='ocr_par' dir='ltr' id='par_1_6' title="bbox 103 3337 1291 3567">
     <span class='ocr_line' id='line_1_36' title="bbox 246 3337 1291 3422; baseline -0.002 -22"><span class='ocrx_word' id='word_1_287' title='bbox 246 3343 314 3422; x_wconf 82' lang='lat' dir='ltr'>Ego</span> <span class='ocrx_word' id='word_1_288' title='bbox 346 3341 402 3401; x_wconf 90' lang='lat' dir='ltr'>ille</span> <span class='ocrx_word' id='word_1_289' title='bbox 423 3340 574 3420; x_wconf 86' lang='lat' dir='ltr'>promitto</span> <span class='ocrx_word' id='word_1_290' title='bbox 603 3340 804 3403; x_wconf 86' lang='lat' dir='ltr'>stabilitatem</span> <span class='ocrx_word' id='word_1_291' title='bbox 832 3358 933 3396; x_wconf 82' lang='lat' dir='ltr'>meam</span> <span class='ocrx_word' id='word_1_292' title='bbox 967 3347 999 3396; x_wconf 89' lang='lat' dir='ltr'>et</span> <span class='ocrx_word' id='word_1_293' title='bbox 1027 3337 1291 3398; x_wconf 84' lang='lat' dir='ltr'>conversionem</span> 
     </span>
     <span class='ocr_line' id='line_1_37' title="bbox 161 3419 1290 3501; baseline -0.001 -19"><span class='ocrx_word' id='word_1_294' title='bbox 161 3445 287 3482; x_wconf 89' lang='lat' dir='ltr'>morum</span> <span class='ocrx_word' id='word_1_295' title='bbox 319 3445 463 3482; x_wconf 88' lang='lat' dir='ltr'>meorum</span> <span class='ocrx_word' id='word_1_296' title='bbox 489 3432 520 3482; x_wconf 86' lang='lat' dir='ltr'>et</span> <span class='ocrx_word' id='word_1_297' title='bbox 549 3423 764 3484; x_wconf 84' lang='lat' dir='ltr'>obedientiam</span> <span class='ocrx_word' id='word_1_298' title='bbox 795 3419 974 3480; x_wconf 87' lang='lat' dir='ltr'>secundum</span> <span class='ocrx_word' id='word_1_299' title='bbox 1001 3419 1146 3501; x_wconf 82' lang='lat' dir='ltr'>regulam</span> <span class='ocrx_word' id='word_1_300' title='bbox 1171 3423 1290 3482; x_wconf 84' lang='lat' dir='ltr'>sancti</span> 
     </span>
     <span class='ocr_line' id='line_1_38' title="bbox 103 3503 857 3567; baseline -0.008 0"><span class='ocrx_word' id='word_1_301' title='bbox 103 3561 106 3567; x_wconf 93' lang='lat'><em>.</em></span> <span class='ocrx_word' id='word_1_302' title='bbox 160 3506 328 3566; x_wconf 89' lang='lat' dir='ltr'>Benedicti</span> <span class='ocrx_word' id='word_1_303' title='bbox 354 3525 460 3566; x_wconf 88' lang='lat' dir='ltr'>coram</span> <span class='ocrx_word' id='word_1_304' title='bbox 482 3507 551 3565; x_wconf 89' lang='lat' dir='ltr'>Deo</span> <span class='ocrx_word' id='word_1_305' title='bbox 580 3515 611 3565; x_wconf 90' lang='lat' dir='ltr'>et</span> <span class='ocrx_word' id='word_1_306' title='bbox 633 3504 756 3564; x_wconf 89' lang='lat' dir='ltr'>Sanctis</span> <span class='ocrx_word' id='word_1_307' title='bbox 779 3503 857 3564; x_wconf 87' lang='lat' dir='ltr'>eius.</span> 
     </span>
    </p>
   </div>
   <div class='ocr_carea' id='block_1_6' title="bbox 184 3627 1267 3714">
    <p class='ocr_par' dir='ltr' id='par_1_7' title="bbox 184 3627 1267 3714">
     <span class='ocr_line' id='line_1_39' title="bbox 184 3627 1267 3714; baseline -0.003 -20"><span class='ocrx_word' id='word_1_308' title='bbox 184 3636 300 3694; x_wconf 88' lang='lat' dir='ltr'>Petitio</span> <span class='ocrx_word' id='word_1_309' title='bbox 329 3653 422 3714; x_wconf 76' lang='lat' dir='ltr'>prtum</span> <span class='ocrx_word' id='word_1_310' title='bbox 445 3645 516 3692; x_wconf 83' lang='lat' dir='ltr'>unte</span> <span class='ocrx_word' id='word_1_311' title='bbox 544 3645 652 3692; x_wconf 80' lang='lat' dir='ltr'>uotum</span> <span class='ocrx_word' id='word_1_312' title='bbox 680 3633 831 3692; x_wconf 81' lang='lat' dir='ltr'>Mounclu&#39;</span> <span class='ocrx_word' id='word_1_313' title='bbox 850 3629 998 3710; x_wconf 81' lang='lat' dir='ltr'>quislibet</span> <span class='ocrx_word' id='word_1_314' title='bbox 1014 3627 1125 3709; x_wconf 72' lang='lat' dir='ltr'>fucere</span> <span class='ocrx_word' id='word_1_315' title='bbox 1150 3629 1267 3696; x_wconf 80' lang='lat' dir='ltr'>debet.</span> 
     </span>
    </p>
   </div>
   <div class='ocr_carea' id='block_1_7' title="bbox 162 3743 1293 4322">
    <p class='ocr_par' dir='ltr' id='par_1_8' title="bbox 162 3743 1293 4322">
     <span class='ocr_line' id='line_1_40' title="bbox 246 3743 1291 3808; baseline -0.002 0"><span class='ocrx_word' id='word_1_316' title='bbox 246 3747 404 3808; x_wconf 81' lang='lat' dir='ltr'>XXXlll.</span> <span class='ocrx_word' id='word_1_317' title='bbox 447 3749 584 3807; x_wconf 89' lang='lat' dir='ltr'>Domino</span> <span class='ocrx_word' id='word_1_318' title='bbox 610 3747 785 3808; x_wconf 82' lang='lat' dir='ltr'>venerabili</span> <span class='ocrx_word' id='word_1_319' title='bbox 808 3747 839 3804; x_wconf 93' lang='lat' dir='ltr'>in</span> <span class='ocrx_word' id='word_1_320' title='bbox 865 3745 993 3805; x_wconf 86' lang='lat' dir='ltr'>Christo</span> <span class='ocrx_word' id='word_1_321' title='bbox 1018 3743 1104 3802; x_wconf 88' lang='lat' dir='ltr'>Patri</span> <span class='ocrx_word' id='word_1_322' title='bbox 1134 3744 1193 3802; x_wconf 86' lang='lat' dir='ltr'>illo</span> <span class='ocrx_word' id='word_1_323' title='bbox 1221 3749 1291 3806; x_wconf 77' lang='lat' dir='ltr'>Ab·</span> 
     </span>
     <span class='ocr_line' id='line_1_41' title="bbox 162 3825 1292 3908; baseline -0.002 -18"><span class='ocrx_word' id='word_1_324' title='bbox 162 3831 226 3890; x_wconf 88' lang='lat' dir='ltr'>bati</span> <span class='ocrx_word' id='word_1_325' title='bbox 243 3831 282 3890; x_wconf 90' lang='lat' dir='ltr'>de</span> <span class='ocrx_word' id='word_1_326' title='bbox 305 3829 498 3890; x_wconf 66' lang='lat' dir='ltr'>Marnast&#39;erio</span> <span class='ocrx_word' id='word_1_327' title='bbox 521 3830 590 3900; x_wconf 85' lang='lat' dir='ltr'>illo,</span> <span class='ocrx_word' id='word_1_328' title='bbox 605 3830 659 3908; x_wconf 88' lang='lat' dir='ltr'>qui</span> <span class='ocrx_word' id='word_1_329' title='bbox 683 3839 729 3888; x_wconf 88' lang='lat' dir='ltr'>est</span> <span class='ocrx_word' id='word_1_330' title='bbox 750 3836 952 3889; x_wconf 80' lang='lat' dir='ltr'>constructus</span> <span class='ocrx_word' id='word_1_331' title='bbox 974 3827 1006 3883; x_wconf 93' lang='lat' dir='ltr'>in</span> <span class='ocrx_word' id='word_1_332' title='bbox 1031 3825 1155 3885; x_wconf 87' lang='lat' dir='ltr'>honore</span> <span class='ocrx_word' id='word_1_333' title='bbox 1180 3829 1292 3888; x_wconf 87' lang='lat' dir='ltr'>Sanc-</span> 
     </span>
     <span class='ocr_line' id='line_1_42' title="bbox 162 3910 1293 3991; baseline -0.004 -18"><span class='ocrx_word' id='word_1_334' title='bbox 162 3914 187 3972; x_wconf 90' lang='lat' dir='ltr'>ti</span> <span class='ocrx_word' id='word_1_335' title='bbox 210 3914 308 3988; x_wconf 88' lang='lat' dir='ltr'>illius,</span> <span class='ocrx_word' id='word_1_336' title='bbox 331 3913 424 3972; x_wconf 89' lang='lat' dir='ltr'>simul</span> <span class='ocrx_word' id='word_1_337' title='bbox 451 3933 522 3970; x_wconf 90' lang='lat' dir='ltr'>curn</span> <span class='ocrx_word' id='word_1_338' title='bbox 547 3912 634 3970; x_wconf 86' lang='lat' dir='ltr'>felici</span> <span class='ocrx_word' id='word_1_339' title='bbox 658 3910 912 3991; x_wconf 77' lang='lat' dir='ltr'>Congregatione</span> <span class='ocrx_word' id='word_1_340' title='bbox 935 3917 1059 3986; x_wconf 85' lang='lat' dir='ltr'>vestra,</span> <span class='ocrx_word' id='word_1_341' title='bbox 1085 3929 1183 3988; x_wconf 88' lang='lat' dir='ltr'>quum</span> <span class='ocrx_word' id='word_1_342' title='bbox 1209 3911 1293 3971; x_wconf 89' lang='lat' dir='ltr'>Do-</span> 
     </span>
     <span class='ocr_line' id='line_1_43' title="bbox 163 3992 1293 4074; baseline -0.004 -19"><span class='ocrx_word' id='word_1_343' title='bbox 163 3995 269 4055; x_wconf 88' lang='lat' dir='ltr'>minus</span> <span class='ocrx_word' id='word_1_344' title='bbox 292 3995 330 4053; x_wconf 89' lang='lat' dir='ltr'>de</span> <span class='ocrx_word' id='word_1_345' title='bbox 353 3993 485 4053; x_wconf 68' lang='lat' dir='ltr'>(liversis</span> <span class='ocrx_word' id='word_1_346' title='bbox 510 3993 685 4074; x_wconf 84' lang='lat' dir='ltr'>provinciis</span> <span class='ocrx_word' id='word_1_347' title='bbox 707 3994 746 4052; x_wconf 87' lang='lat' dir='ltr'>ad</span> <span class='ocrx_word' id='word_1_348' title='bbox 764 3992 1033 4073; x_wconf 78' lang='lat' dir='ltr'>peregrinandum</span> <span class='ocrx_word' id='word_1_349' title='bbox 1060 4001 1192 4068; x_wconf 88' lang='lat' dir='ltr'>propter</span> <span class='ocrx_word' id='word_1_350' title='bbox 1220 4014 1293 4052; x_wconf 88' lang='lat' dir='ltr'>no-</span> 
     </span>
     <span class='ocr_line' id='line_1_44' title="bbox 162 4072 1292 4158; baseline -0.003 -22"><span class='ocrx_word' id='word_1_351' title='bbox 162 4101 234 4138; x_wconf 90' lang='lat' dir='ltr'>men</span> <span class='ocrx_word' id='word_1_352' title='bbox 257 4097 349 4136; x_wconf 90' lang='lat' dir='ltr'>suum</span> <span class='ocrx_word' id='word_1_353' title='bbox 371 4076 429 4134; x_wconf 88' lang='lat' dir='ltr'>sub</span> <span class='ocrx_word' id='word_1_354' title='bbox 454 4074 528 4158; x_wconf 73' lang='lat' dir='ltr'>iugo</span> <span class='ocrx_word' id='word_1_355' title='bbox 550 4075 682 4136; x_wconf 83' lang='lat' dir='ltr'>militiae</span> <span class='ocrx_word' id='word_1_356' title='bbox 709 4085 803 4154; x_wconf 79' lang='lat' dir='ltr'>atque</span> <span class='ocrx_word' id='word_1_357' title='bbox 832 4074 992 4134; x_wconf 86' lang='lat' dir='ltr'>servitutis</span> <span class='ocrx_word' id='word_1_358' title='bbox 1024 4072 1145 4131; x_wconf 87' lang='lat' dir='ltr'>Christi</span> <span class='ocrx_word' id='word_1_359' title='bbox 1179 4081 1292 4154; x_wconf 86' lang='lat' dir='ltr'>atque</span> 
     </span>
     <span class='ocr_line' id='line_1_45' title="bbox 164 4153 1293 4240; baseline 0 -22"><span class='ocrx_word' id='word_1_360' title='bbox 164 4163 211 4218; x_wconf 88' lang='lat' dir='ltr'>alu</span> <span class='ocrx_word' id='word_1_361' title='bbox 243 4158 449 4240; x_wconf 72' lang='lat' dir='ltr'>protectionis</span> <span class='ocrx_word' id='word_1_362' title='bbox 480 4159 656 4218; x_wconf 89' lang='lat' dir='ltr'>secuudum</span> <span class='ocrx_word' id='word_1_363' title='bbox 685 4157 899 4236; x_wconf 70' lang='lat' dir='ltr'>Evangelium</span> <span class='ocrx_word' id='word_1_364' title='bbox 929 4153 1050 4215; x_wconf 86' lang='lat' dir='ltr'>Christi</span> <span class='ocrx_word' id='word_1_365' title='bbox 1079 4155 1293 4234; x_wconf 73' lang='lat' dir='ltr'>regulariter</span> 
     </span>
     <span class='ocr_line' id='line_1_46' title="bbox 165 4237 1293 4322; baseline -0.002 -20"><span class='ocrx_word' id='word_1_366' title='bbox 165 4243 253 4302; x_wconf 85' lang='lat' dir='ltr'>rubis</span> <span class='ocrx_word' id='word_1_367' title='bbox 279 4241 479 4301; x_wconf 82' lang='lat' dir='ltr'>coadunavit.</span> <span class='ocrx_word' id='word_1_368' title='bbox 523 4239 625 4322; x_wconf 78' lang='lat' dir='ltr'>igitur</span> <span class='ocrx_word' id='word_1_369' title='bbox 654 4239 829 4300; x_wconf 85' lang='lat' dir='ltr'>audirimus</span> <span class='ocrx_word' id='word_1_370' title='bbox 863 4238 951 4320; x_wconf 89' lang='lat' dir='ltr'>quod</span> <span class='ocrx_word' id='word_1_371' title='bbox 981 4237 1140 4296; x_wconf 87' lang='lat' dir='ltr'>Dominus</span> <span class='ocrx_word' id='word_1_372' title='bbox 1167 4250 1293 4302; x_wconf 85' lang='lat' dir='ltr'>noster</span> 
     </span>
    </p>
   </div>
   <div class='ocr_carea' id='block_1_8' title="bbox 0 0 1372 4981">
    <p class='ocr_par' dir='ltr' id='par_1_9' title="bbox 0 0 1372 4981">
     <span class='ocr_line' id='line_1_47' title="bbox 0 0 1372 4981; baseline 0 0"><span class='ocrx_word' id='word_1_373' title='bbox 0 0 1372 4981; x_wconf 95' lang='lat' dir='ltr'> </span> 
     </span>
    </p>
   </div>
  </div>
 </body>
</html>
