2676 4976
176 307 251 392 ⁶³⁸
624 332 813 387 sarranium
902 319 907 335 '

175 469 438 552 decorandaeqne
458 467 673 548 subtrahitur,
693 470 820 532 honest
845 472 884 536 ad
902 471 1129 558 turpitudinem
1149 472 1242 552 ipsias,

175 563 209 614 et
229 554 270 614 ad
291 552 442 613 iniuriam
461 552 621 613 Creatoris
646 551 816 614 redundat.
857 556 927 616 Huc
954 554 1077 618 accedit
1102 554 1242 633 quodna-
1311 580 1324 622 ι,

174 637 305 696 raculae
325 633 570 716 comparandae,
594 635 837 716 temperandae,
860 637 1026 718 ipsumque
1048 643 1138 716 caput
1156 635 1189 695 ad
1205 636 1243 694 ni·
1323 635 1324 650 ¹

174 717 326 778 miamin
348 717 468 798 frigore
489 723 521 776 et
542 715 647 777 calore
669 716 828 777 miseriam
849 727 882 780 et
902 719 1092 780 calumniam
1108 715 1244 776 decalrau·

175 799 253 861 dum
268 799 326 876 sit,
348 797 499 892 ipsaeque
515 797 631 875 horae,
653 799 769 880 quibus
789 798 867 861 lraec
884 809 1111 884 praeparantur
1124 808 1154 857 et
1165 819 1244 880 agun-
1320 791 1321 800 ¹

173 891 229 943 tur
247 891 397 965 pereant,
420 879 481 940 nrsi
500 879 674 961 diligenter
699 881 852 944 noveritis
871 891 903 944 et
922 881 1113 955 observetis,
1133 901 1184 941 cur
1199 879 1244 941 hoc
1318 905 1319 909 ¹

175 985 276 1048 genus
297 973 469 1039 tonsurae,
489 961 585 1022 immo
606 983 732 1023 rasurae
753 963 787 1022 in
811 963 860 1025 his
878 964 918 1026 sit
938 961 1118 1027 Provinciis
1137 982 1189 1022 usn
1221 983 1246 1019 a·

173 1057 262 1125 tum,
284 1054 315 1106 et
333 1044 439 1128 potius
461 1064 518 1125 pro
541 1044 613 1126 lege
632 1053 831 1124 susceptum,
855 1046 931 1110 licet
951 1049 1070 1110 Paulus
1092 1050 1123 1104 et
1141 983 1247 1126 stainba-

174 1149 236 1190 nus
260 1126 293 1186 in
322 1149 378 1188 sua
406 1127 517 1208 regula
539 1126 691 1188 verticem
719 1128 892 1192 Monacbos
917 1129 1030 1190 iterato
1051 1146 1115 1188 nou
1131 1125 1247 1200 radere,

175 1211 232 1272 sed
251 1210 386 1272 tondere
406 1207 613 1292 praecipiant.
655 1211 755 1270 Porro
776 1232 872 1291 qnam
893 1211 1073 1276 necessario
1094 1215 1124 1268 et
1141 1217 1247 1268 tonsura

174 1293 242 1358 sire
263 1313 372 1354 rasura
388 1290 497 1352 eadem
519 1291 560 1350 sit
581 1289 745 1367 instituta,
767 1313 808 1354 ex
830 1294 1040 1376 sequentibus
1058 1289 1176 1372 liquido
1190 1309 1247 1372 per·

172 1372 314 1458 pendite.
355 1372 447 1434 Licet
476 1371 606 1454 quidam
632 1377 763 1436 Petrum
786 1384 818 1436 et
838 1376 973 1438 Paulum
996 1397 1062 1436 non
1086 1381 1211 1432 attonsos
1225 1378 1248 1434 et

174 1457 320 1534 derasos,
342 1456 399 1518 sed
416 1455 608 1516 naturaliter
623 1456 763 1536 priorem
781 1460 1008 1522 recalvastrum
1028 1475 1195 1518 asseverare
1210 1467 1247 1512 so‘-

174 1539 282 1615 leant,
304 1543 492 1622 sequentem
516 1537 549 1597 in
580 1537 782 1620 frontispicio
804 1541 947 1612 calvum;
977 1539 1067 1622 quod
1092 1535 1118 1596 si
1143 1535 1180 1594 ita
1199 1543 1248 1607 est,

173 1620 246 1702 quis
268 1629 330 1680 tam
355 1619 510 1703 superbus
534 1619 628 1680 debet
651 1642 718 1681 esse
739 1620 959 1694 Christianus,
990 1630 1111 1682 utnon
1134 1616 1250 1677 libenter·

174 1724 233 1785 pro
256 1702 376 1763 Christi
404 1701 534 1763 nomine
561 1702 789 1763 contumeliam
813 1704 943 1782 subeat,
965 1725 1029 1785 qua
1056 1701 1168 1784 primos
1186 1699 1248 1780 Apo·

172 1785 270 1848 stolos
288 1783 457 1868 insignitos
477 1803 544 1845 esse
565 1805 630 1844 uon
659 1785 797 1848 diffidit?
825 1787 904 1868 quin
927 1786 1034 1868 potius
1057 1785 1133 1844 hinc
1154 1783 1247 1852 discat,
1319 1819 1320 1834 .

173 1865 207 1926 in
225 1867 287 1926 alia
304 1867 368 1930 vita
382 1865 540 1927 honorem
558 1865 744 1947 inquirere,
766 1889 839 1929 cum
857 1868 974 1928 amicos
991 1887 1065 1928 suos
1088 1867 1118 1926 in
1134 1860 1249 1926 haesita

173 1948 363 2031 capillorum
383 1947 533 2009 didicerit
553 1948 676 2009 honore
702 1948 837 2030 privare.
886 1950 920 2010 si
940 1958 1047 2010 autem
1071 1950 1179 2010 Petrus
1196 1964 1247 2002 nou

171 2031 361 2093 naturaliter
383 2032 508 2106 calvus,
530 2030 587 2091 sed
606 2031 726 2092 rasorio
746 2033 890 2093 creditur
915 2032 1115 2108 decalvatus,
1137 2039 1170 2090 at
1190 2045 1248 2086 con·

170 2113 322 2176 tumeliae
346 2113 449 2174 crucis
468 2111 585 2174 Christi
603 2113 870 2194 participaretur?
890 2115 1004 2175 merito
1027 2112 1189 2195 quaeritur
1205 2126 1249 2168 eur

77 2245 82 2250 -
170 2195 232 2258 sibi
253 2217 423 2271 coronam,
452 2195 597 2256 tollendo
618 2217 759 2273 comam,
789 2219 854 2258 nou
883 2205 1032 2278 torquem
1060 2189 1248 2278 imponendo,

171 2279 278 2339 facere
299 2278 459 2339 voluerit?
487 2278 537 2338 Ad
563 2298 642 2359 quos
667 2277 770 2338 facilis
798 2278 963 2358 responsio
991 2285 1090 2358 patet.
1130 2273 1249 2336 Primum

171 2359 248 2454 quia
268 2359 293 2420 si
316 2358 403 2419 iuxta
417 2359 591 2420 Dominum
611 2360 721 2441 spinea
741 2361 965 2423 Sacerdotibus
986 2362 1199 2440 imponeretur
1212 2374 1249 2414 cos

170 2463 268 2515 rona,
291 2461 355 2500 non
374 2461 499 2522 semper
520 2463 556 2502 ea
573 2451 701 2523 possent
721 2443 787 2520 uti,
816 2455 848 2504 et
868 2443 1039 2525 praecipue
1063 2439 1249 2526 ‹lormientesf

172 2523 200 2584 si
222 2532 330 2584 autem
355 2522 496 2584 viminea
524 2533 555 2584 et
581 2523 725 2586 fraxinea
752 2535 784 2585 et
810 2524 982 2587 cuiuslibet
1011 2522 1162 2585 flexibilis
1187 2519 1250 2598 ligat
1323 2579 1324 2586 ,

171 2625 229 2668 seu
249 2625 364 2681 cerae,
395 2604 617 2688 cuiuscunque
639 2614 783 2668 texturae
815 2617 847 2668 et
874 2606 1013 2683 metallI,
1036 2606 1110 2686 quis
1132 2610 1250 2662 nostran

171 2708 242 2749 eam
263 2707 320 2769 pro
341 2688 413 2746 loco
435 2696 467 2747 et
488 2696 630 2770 tempore
652 2697 686 2747 ut
707 2689 806 2749 vilem
827 2710 890 2748 non
914 2689 1088 2763 obiiceret,
1110 2696 1142 2746 ct
1160 2681 1251 2765 pretio.
1276 2709 1279 2718 ¹

170 2791 236 2831 sam
256 2768 317 2830 sibi
339 2768 542 2851 imponeret?
567 2778 599 2830 et
626 2770 705 2850 quid
733 2780 832 2849 esset,
861 2771 948 2852 quod
979 2791 1036 2829 nos
1061 2793 1079 2828 a
1101 2765 1196 2827 Laicis
1214 2761 1251 2821 di·

173 2851 339 2932 speraret?
359 2851 446 2933 quod
468 2849 494 2912 si
522 2850 667 2912 dixeritis
695 2852 771 2933 quia
801 2861 925 2928 vestes,
959 2852 1036 2932 quid
1065 2860 1132 2925 est,
1154 2849 1184 2906 in
1203 2863 1253 2925 quo

170 2933 357 2994 indumenta
370 2943 471 2994 vestra
486 2956 503 2992 a
524 2934 692 2994 Laicorum
708 2934 856 2995 differant
868 2933 1087 2994 vestimentis?
1110 2931 1165 2991 nisi
1184 2923 1253 3006 quod

171 3016 335 3077 interdum
359 3015 479 3098 podere
503 3014 610 3093 linea,
632 3016 722 3097 quasi
743 3017 856 3077 summi
878 3017 1087 3089 Sacerdotes,
1117 3013 1155 3072 ad
1174 3011 1254 3069 altare

169 3098 351 3182 processuri
373 3097 483 3160 soletis
505 3097 617 3176 indui,
648 3108 680 3158 et
708 3101 875 3181 purpureis
897 3099 1035 3159 vestibus
1059 3095 1149 3176 quani
1168 3092 1255 3152 tribu·

172 3181 225 3241 nal
247 3179 407 3242 ascensuri
431 3180 606 3241 consuestis
634 3182 751 3240 ornari.
796 3181 859 3240 Sed
880 3201 977 3262 quam
1006 3179 1102 3239 facile
1125 3178 1198 3236 haec
1215 3173 1255 3230 iu·

171 3263 323 3324 (lumenta
343 3262 477 3324 reiicitis
508 3271 540 3323 et
567 3262 662 3322 Laica
690 3261 845 3338 induitis,
872 3260 1117 3344 propterquod
1138 3252 1276 3318 calvaria'

173 3353 221 3406 est
240 3345 376 3406 maxime
399 3344 596 3421 necessaria,
618 3344 693 3424 quia
713 3343 796 3404 hanc
817 3345 963 3412 celerius,
975 3343 1101 3425 capillis
1116 3340 1254 3401 obducere

171 3449 237 3488 non
259 3427 414 3509 poteritis.
455 3429 523 3487 Cur
543 3436 649 3486 autem
669 3427 752 3486 rasio
780 3426 884 3507 potius
906 3448 1001 3506 quam
1022 3425 1128 3486 tonsio
1154 3431 1182 3483 et
1202 3418 1254 3510 ipsa

171 3511 326 3591 frequens
347 3529 364 3568 a
386 3508 547 3569 modernis
568 3509 609 3568 sit
630 3508 796 3589 Episcopis
818 3507 980 3568 instituta?
1006 3507 1068 3571 hoc
1091 3506 1212 3567 videtur
1228 3518 1254 3555 ιιι

172 3613 289 3664 causa,
312 3599 347 3650 ut
358 3591 546 3652 videaturet
567 3591 718 3672 diligatur
738 3591 803 3673 ipsa
825 3611 963 3664 corona,
986 3611 1067 3670 quae
1082 3589 1176 3648 buius
1189 3594 1255 3642 ten-

171 3673 258 3755 poris
277 3672 500 3733 Sacerdotibus
522 3681 568 3733 est
588 3695 755 3748 concessa,
788 3692 862 3731 cum
892 3672 925 3730 in
948 3672 1049 3732 veteri
1070 3673 1255 3732 Testamenta

171 3764 274 3818 totum
295 3761 391 3835 caput
404 3755 585 3814 Levitnrum
606 3754 647 3814 sit
668 3753 805 3815 calvaria
826 3753 1039 3814 deturbatum.
1081 3751 1174 3830 Quod
1194 3763 1255 3808 uero

172 3838 283 3900 eadem
304 3857 412 3899 rasura
433 3836 558 3918 saepius
579 3846 628 3898 est
647 3837 788 3910 indicta,
820 3857 882 3895 non
906 3836 979 3896 ideo
1001 3835 1055 3911 fit,
1078 3844 1113 3894 ut
1134 3854 1187 3892 nos
1207 3827 1256 3885 im·-

172 3918 307 4003 perfecti
331 3927 495 4000 putamus,
518 3929 553 3979 ut
573 3941 631 4001 pro
653 3940 813 3978 comarum
841 3918 947 3999 speeie
968 3917 1028 3978 bac
1051 3933 1198 3977 ornemur
1215 3910 1254 3966 iu·

172 4002 368 4077 novatione,
399 4002 456 4063 sed
485 4003 563 4082 quia
593 4001 619 4062 si
641 4001 741 4061 rarius
773 4000 864 4061 lieret
885 4008 918 4060 et
946 4001 1055 4081 capilli
1077 3997 1255 4076 aliquantum

172 4091 412 4160 excrescerent,
436 4105 501 4143 non
530 4085 600 4146 sine
629 4083 737 4164 aliquo
768 4081 920 4162 scrupulo
951 4081 1085 4142 exoletis
1106 4075 1255 4139 abscinde-

171 4175 304 4244 rentur,
328 4167 379 4227 vel
402 4165 506 4248 potius
528 4167 560 4224 in
584 4164 750 4226 cincinnos
774 4165 988 4238 rrrrtrirentur,
1012 4173 1043 4223 et
1064 4162 1257 4244 plurespraa

171 4246 378 4326 vineatam,
410 4249 506 4312 immo
529 4249 705 4310 desertores
733 4245 906 4331 spiritualis
932 4245 1064 4310 militiae
1087 4241 1255 4306 invenirer*
