2676 4976
143 310 217 402 504
594 335 786 396 roanumu

462 487 466 492 '
562 475 683 561 Incipit
703 479 828 544 noticia.
935 547 938 554 ,

221 601 350 668 Notioia
368 605 568 683 saommenti,
588 606 730 690 qualiter
745 609 797 672 rel
822 607 940 690 quihus
960 610 1185 692 praesentibus
1199 611 1252 672 in-

145 695 341 771 gressusest
363 685 414 748 illi
438 687 472 749 iu
495 689 634 750 basileca
656 690 774 751 domne
797 691 886 752 illius
909 712 967 774 pro
987 692 1123 771 iudicio,
1148 693 1205 754 illo
1222 718 1252 754 n·

143 779 238 853 geute
258 768 382 832 iuratus
408 769 505 832 dixit:
525 771 590 834 Per
607 771 697 834 hunc
720 774 792 834 loco
819 783 928 834 sancto
949 781 983 834 et
1009 774 1120 836 divina
1145 776 1251 836 omnia

143 851 231 934 quod
255 849 309 910 hic
334 861 492 934 aguntur,
516 873 599 936 quae
621 853 675 919 hio
697 855 766 916 Deo
792 856 922 939 plenius
948 853 1142 934 offeruntur,
1164 859 1251 919 uude

143 955 193 994 me
220 932 269 994 illi
298 935 482 1014 reputabat,
511 935 602 1017 quasi
626 935 770 997 iumento
791 959 851 999 suo
872 939 912 998 ad
934 937 1029 998 furtis
1053 939 1252 1000 conditionis

141 1023 212 1100 post
232 1036 283 1079 me
309 1015 475 1096 habuissit,
497 1028 529 1080 et
549 1039 608 1101 per
624 1039 731 1080 meum
753 1019 920 1101 ingenium
943 1019 1012 1102 ipso
1024 1019 1178 1082 'iumento
1199 1021 1252 1082 di·

143 1118 218 1181 gere
234 1096 411 1170 habuissem
437 1120 499 1162 neo
522 1101 590 1196 ipso
612 1100 756 1162 iumento
780 1123 954 1184 numquam
977 1101 1087 1182 habui,
1109 1125 1172 1164 nee
1216 1123 1253 1164 er

143 1192 251 1244 meum
277 1181 406 1242 nullum
429 1181 597 1266 ingenium
624 1184 693 1266 ipso
717 1183 862 1246 iumento
891 1205 1067 1267 numquam
1088 1126 1251 1270 perdedit,

144 1282 205 1324 nec
232 1260 322 1324 aliud
341 1261 402 1324 tibi
425 1263 465 1330 de
486 1263 547 1334 hac
568 1286 663 1332 causa
691 1287 757 1328 non
788 1265 932 1348 redebio,
955 1267 1019 1332 nisi
1041 1268 1103 1335 isto
1132 1267 1250 1331 cdouio

142 1351 353 1416 mmmmm·

545 1457 663 1544 Incipit
683 1451 842 1556 solsadia.¹

222 1564 303 1632 XII.
343 1568 464 1634 Notitis
483 1571 624 1651 solsadii,
646 1572 787 1655 qualiter
811 1571 865 1636 vel
890 1570 1007 1656 quibus
1027 1569 1251 1654 praesentibus

141 1646 193 1714 illi
216 1648 315 1714 homo
340 1652 504 1738 placetum
529 1677 624 1718 suum
645 1655 791 1716 adtendit
811 1655 992 1717 Andecavis
1024 1653 1162 1714 civetate
1189 1653 1252 1714 Ka-

140 1731 255 1796 lendas
281 1733 364 1814 illas,
386 1737 590 1820 pcrjiudioio
615 1737 745 1798 inlustri
774 1736 832 1797 illo
853 1737 990 1814 comite,
1011 1735 1062 1798 vel
1086 1734 1250 1796 auditores

140 1815 218 1893 suis,
239 1839 276 1881 ac
298 1826 411 1882 contra
431 1819 578 1882 homiues
594 1819 644 1882 his
665 1819 849 1880 nominibus
868 1820 944 1880 illus
961 1827 994 1882 et
1013 1818 1100 1893 illus,
1124 1817 1178 1878 vel
1195 1837 1251 1898 ge·

140 1899 258 1965 notrici
279 1920 410 1979 eorum,
439 1923 558 1969 nomen
580 1901 661 1978 illa,
683 1923 748 1962 una
775 1921 848 1962 cum
869 1900 1031 1963 abunculo
1054 1898 1250 1975 e'orumillo,

141 1980 219 2042 dum
235 1980 361 2061 dicerit,
383 1983 474 2064 quasi
492 1984 600 2066 aliqua
625 1985 763 2060 femena,
782 2004 899 2046 numen
927 1984 995 2059 illu,
1018 1990 1170 2064 genetore
1194 2001 1251 2040 eo-

140 2083 224 2139 rum,
248 2085 366 2126 nomen
382 2065 453 2145 illo,
473 2086 532 2150 pro
549 2065 707 2127 maleficio
730 2087 804 2127 eum
825 2060 1066 2127 interfecisset'
1091 2063 1160 2140 Qui
1189 2061 1250 2143 ipsi

138 2142 202 2204 iam
214 2146 361 2227 superius
378 2147 542 2210 nomenati
557 2150 844 2231 placetum'eorum
859 2148 990 2229 legebus
1007 2147 1131 2206 amane
1146 2164 1250 2226 usque

140 2227 182 2295 a'd
203 2247 375 2310 vesperum
398 2231 460 2292 visi
478 2231 613 2292 fuerunt
631 2231 815 2294 custodisse.
844 2231 923 2292 Illam
944 2230 1012 2312 ipsa
1033 2230 1161 2288 iamenu
1188 2247 1250 2287 uec

140 2309 182 2374 ad
202 2309 364 2390 placetum
386 2311 526 2389 advenit,
553 2335 613 2378 neo
632 2313 726 2379 misso
749 2313 789 2374 ad
817 2333 954 2395 persona
982 2308 1161 2386 addirexit,
1192 2308 1250 2390 qui

140 2393 231 2455 sonia
254 2391 457 2454 redebuissit.
498 2395 674 2490 Propterea
698 2415 828 2456 necesse
852 2394 951 2454 suerit
976 2390 1153 2474 praedictis
1189 2389 1251 2449 ho«

142 2471 293 2549 minibus,
316 2473 454 2534 uthans
476 2475 628 2536 noticiam
649 2476 807 2542 bonorum
835 2475 1002 2536 hominum
1024 2472 1174 2534 *manibus
1196 2492 1251 2532 ro-

140 2551 279 2633 boratas,
299 2575 496 2642 prosequere
521 2557 688 2638 deberent,
709 2559 849 2642 qualiter
869 2565 901 2620 et
924 2557 984 2620 risi
1006 2564 1084 2622 sunt
1103 2554 1233 2618 fecisse.

499 2683 617 2768 Incipit
636 2685 711 2746 item
730 2683 880 2749 solsadia.

224 2795 319 2864 XIII.
359 2797 484 2867 Notioia
504 2799 651 2879 solsadii,
682 2799 823 2897 qualiter
845 2800 899 2862 vel
929 2799 1048 2889 quibus
1069 2798 1250 2882 praesenti-

143 2877 203 2943 bus
224 2880 358 2944 veniens
378 2880 486 2960 homo,
509 2903 625 2947 nomeu
652 2882 713 2960 illa,
735 2881 888 2965 placitum
910 2903 1004 2942 suurn
1025 2881 1172 2946 adtendit
1188 2881 1252 2940 Au·

142 2963 269 3024 decanis
290 2961 446 3042 civetate,
474 2965 508 3024 in
531 2963 670 3026 basileca
691 2964 800 3026 domni
824 2963 931 3038 illius,
953 2964 1040 3024 unde
1064 2985 1139 3025 eum
1170 2961 1251 3026 haec

143 3054 255 3107 contra
274 3044 417 3123 homine,
438 3065 557 3107 nomeu
582 3046 652 3124 illo,
673 3067 771 3128 quem
798 3057 872 3108 ante
894 3045 952 3118 illo
978 3053 1094 3130 agente
1119 3045 1186 3110 fuit
1206 3045 1253 3105 iu·

142 3128 266 3190 ratione
287 3147 346 3212 pra
367 3127 512 3190 iumento
533 3149 604 3206 suo,
626 3135 689 3190 etc.

577 3245 658 3302 Item
686 3237 820 3304 solsadii

137 3389 139 3396 ι
223 3347 314 3414 XIV.
354 3347 481 3412 Noticiu
502 3345 643 3428 qualiter
671 3345 821 3418 solsadii,
854 3344 906 3407 vel
933 3341 1052 3425 quibus
1070 3344 1251 3428 praesenta

140 3428 200 3492 bus
229 3431 364 3493 veniens
378 3430 429 3490 illi
451 3431 484 3490 in
510 3428 642 3490 basilica
663 3429 765 3490 sancti
789 3426 878 3488 illius
899 3426 1081 3488 Audeoaris
1107 3427 1250 3500 civitate,

141 3515 303 3594 placetum
326 3534 421 3576 suum
442 3511 588 3572 adtendit
609 3520 721 3571 contra
741 3510 885 3586 homine,
908 3529 1026 3569 nomen
1055 3509 1133 3585 illo,
1155 3527 1252 3591 quem

143 3603 215 3655 arrato
238 3595 296 3655 illo
320 3602 433 3676 agente
455 3593 520 3653 fuit
543 3591 718 3654 inrationes
747 3613 805 3675 pro
833 3598 969 3674 agente,
997 3590 1172 3672 quodhoc
1200 3590 1252 3650 die

144 3677 201 3736 illo
228 3677 316 3758 quod
345 3676 424 3738 fecit
444 3675 563 3738 mensis
592 3675 641 3735 illi
670 3673 738 3736 dies
765 3682 890 3749 tantus,
924 3672 1096 3734 coniurare
1126 3671 1252 3734 deberit

99 3759 101 3764 ’
144 3780 207 3821 una
229 3779 301 3820 cum
323 3757 463 3820 hominis
480 3756 559 3828 suis,
581 3757 638 3839 qui
658 3755 708 3815 illi
733 3756 772 3817 ad
793 3756 947 3837 placitum
968 3754 1074 3816 adfuit
1094 3775 1161 3814 una
1179 3773 1253 3814 oum

144 3839 232 3902 testis
260 3840 325 3901 suis
350 3861 409 3921 pro
440 3838 568 3920 legibus
594 3837 738 3918 triduam
766 3835 966 3914 custodivit,
1003 3847 1035 3897 et
1066 3833 1251 3903 solsadivit5

145 3945 204 3983 nec
236 3922 287 3984 illi
314 3943 374 3983 nec
403 3921 443 3982 ad
471 3919 593 4004 placito
621 3919 748 3996 adfuit,
781 3940 842 3979 nec
868 3919 936 3984 ulla
967 3939 1105 4000 persona
1136 3917 1178 3980 ad
1203 3917 1253 3981 ri·

144 4026 214 4064 cem
231 4025 326 4066 suum
352 4002 488 4080 direxit,
520 4003 577 4086 qui
607 4001 678 4086 ipso
709 4001 829 4083 placito
858 4000 1058 4080 custodisset,
1081 4012 1137 4062 eut
1165 3998 1254 4064 souin

144 4087 298 4150 nunciare
321 4085 457 4154 deberit.
484 4106 565 4167 quos
618 4103 747 4156 raesens
775 4081 910 4163 placitus
937 4082 1037 4164 ipsius
1068 4083 1132 4144 init
1152 4091 1254 4144 custo·

144 4165 226 4230 «litua
247 4175 303 4229 aut
323 4167 501 4246 solsaditus,
523 4175 578 4230 sut
595 4107 682 4228 dane
707 4163 858 4226 noticiam
879 4165 1024 4240 manibus
1045 4185 1159 4233 eorum
1179 4163 1254 4228 sub·

146 4255 194 4309 ter
212 4250 433 4314 firmaverunt.
545 4277 549 4284 ’
