2684 4990
447 291 498 348 nn
523 287 658 351 onoma
677 288 823 344 rstsru
1128 277 1199 350 767

82 417 89 428 ¹
152 439 211 493 XX.
248 440 460 492 Arocrrsrsruos
484 429 597 501 quidem
624 425 660 480 de
687 427 760 482 omni
783 426 979 500 ¹Ecclesiastico
1001 429 1132 500 religione
1157 423 1203 490 rei
1289 458 1294 464 ·

83 510 195 574 ordine,
215 525 342 563 necnon
362 507 444 558 etiam
463 501 497 552 de
516 501 673 553 Canonicae
690 501 735 552 vel
753 499 924 554 Monosticae
942 500 1135 568 altercatione,
1155 523 1201 558 aeu

84 589 212 652 quaecun
234 597 269 632 ue
295 577 429 630 Palatium
448 569 561 623 adibant
586 587 635 640 pro
654 569 853 622 Ecclesiasticis
872 572 1084 626 necessitatibus
1103 577 1204 628 sollici·

82 652 206 705 tudinem
214 600 354 702 baberets
383 655 411 698 et
429 659 462 694 ea
480 640 671 694 tantummodo
691 640 725 691 de
743 641 860 692 externis
880 644 977 708 ltegem
996 643 1112 707 adirent,
1133 663 1204 715 quae

83 723 143 776 sine
161 723 210 772 illo
230 719 337 793 plenius
356 713 462 768 deliniri
479 729 536 763 non
562 712 723 781 potuissent.
760 711 923 774 Caeterum,
941 721 1045 765 utnon
1064 715 1152 767 solum
1171 717 1205 770 de

83 791 145 854 bis,
165 808 237 862 quae
257 790 292 842 ad
310 803 354 840 eor
371 782 528 856 specialiter
547 781 581 834 de
600 781 674 833 omni
693 789 853 834 ornamento
870 783 915 833 vel
940 782 1028 836 officio
1056 785 1207 840 Ecclesias-

85 863 144 914 tico
162 861 234 913 infra
251 857 381 931 palatium
400 853 505 923 agenda
521 850 707 923 pertinebant,
727 867 818 902 verum
837 869 948 934 quoque
968 863 996 906 et
1014 871 1121 907 omnem
1141 873 1205 908 con.

86 932 249 985 solationem
268 927 435 999 spiritalem,
464 924 520 974 sive
549 922 694 974 consilium
712 919 797 972 totius
815 922 912 973 Palatir
932 924 1092 993 quicunque
1121 945 1205 998 quae.

87 1012 177 1063 reret,
205 1000 275 1072 apud
294 1011 375 1060 eum,
401 1004 434 1048 ut
462 1010 573 1045 necesse
600 1000 674 1052 erat,
700 991 818 1042 fideliter
843 991 995 1045 inveniret:
1023 1006 1050 1047 et
1076 998 1124 1064 qui
1149 1015 1204 1050 non

87 1079 230 1142 quaereret
248 1076 386 1121 ettamen
404 1065 462 1133 ipse
483 1063 555 1133 apud
576 1062 695 1131 aliquem
714 1061 898 1113 necessarium
917 1079 974 1114 esse
992 1067 1124 1129 sentiret,
1143 1067 1206 1119 iux-

87 1152 116 1194 ta
125 1147 252 1211 personae
272 1138 453 1208 qualitatem,
474 1141 501 1185 et
520 1150 535 1183 a
553 1149 678 1201 perverso
700 1147 779 1181 sensu
794 1132 841 1185 vel
858 1149 939 1200 opere
958 1133 1104 1198 retrabere,
1126 1145 1154 1190 et
1172 1137 1206 1188 ad

85 1213 155 1265 viam
177 1209 271 1262 salutis
290 1214 449 1260 convertere
467 1203 596 1255 eluderet.
641 1201 676 1252 Et
706 1208 813 1252 caetera
840 1201 1002 1272 spiritualia,
1022 1222 1208 1276 quaecunque

82 1281 196 1351 palatio,
217 1289 273 1332 tam
288 1277 322 1328 ab
331 1275 437 1328 assidue
457 1270 691 1333 conversantibus,
706 1287 843 1339 quamque
862 1280 890 1324 et
907 1289 923 1323 a
940 1276 1206 1343 supervenientibus,

83 1351 140 1403 sive
159 1349 314 1403 secundum
333 1349 439 1408 Deum,
460 1342 517 1396 sive
535 1341 687 1394 secundum
706 1342 865 1403 saeculum,
885 1349 917 1392 nt
934 1343 1158 1412 providerentur,
1179 1355 1208 1400 et

83 1421 327 1491 praeviderentur,
339 1424 418 1467 erant
435 1413 610 1473 necessaria,
630 1427 702 1480 quae
721 1426 877 1461 enumerare
895 1411 1004 1477 longum
1024 1424 1074 1477 est,
1096 1417 1130 1468 ad
1149 1417 1208 1469 eius

83 1491 243 1560 specialiter
262 1503 353 1540 curam
371 1482 555 1554 pertinebant.
592 1481 653 1534 Non
670 1480 726 1540 ita,
755 1487 786 1532 ut
805 1481 885 1532 aliter
903 1482 993 1544 ullus,
1020 1484 1077 1537 sive
1105 1486 1208 1540 Palati.

79 1577 149 1618 nus,
179 1559 237 1610 sive
256 1559 387 1608 externus
402 1552 606 1624 superveniens,
623 1546 755 1620 sapientia
775 1557 802 1602 et
829 1567 893 1603 vera
918 1551 1064 1606 devotione
1082 1573 1131 1626 per
1157 1557 1209 1610 Del

78 1629 193 1696 gratiam
212 1627 393 1689 illuminatus,
413 1623 469 1677 tale
495 1623 602 1693 aliquid
619 1621 729 1673 minime
749 1627 857 1686 ageret:
883 1621 931 1674 sed
950 1624 1067 1676 maxime
1094 1643 1210 1680 consue·

80 1700 153 1754 tudo
174 1708 240 1760 erat,
260 1705 355 1748 utant
374 1712 436 1747 curn
456 1694 552 1746 eodem
587 1691 767 1763 Apoerisiario
793 1691 895 1762 pariter
924 1703 972 1746 aut
990 1705 1065 1747 certe
1083 1714 1130 1767 per
1150 1696 1209 1752 eius

85 1769 230 1824 consilium
250 1766 324 1837 quo'd
343 1773 399 1817 erat
418 1763 552 1832 agendum
573 1771 673 1829 ageret,
691 1778 727 1814 ne
740 1761 885 1833 sortequid
902 1760 992 1816 minus
1011 1763 1081 1820 utile
1100 1769 1210 1822 autin.

87 1841 199 1906 dignm
218 1838 282 1903 Regi
300 1831 461 1907 subriperet.
1175 1836 1178 1841 ·

176 1939 252 1994 xxi.
287 1938 400 1990 ‘Courrrs
419 1943 512 1989 autem
530 1932 645 1996 Palatii,
663 1933 735 1986 inter
753 1940 861 1986 caetera
878 1950 967 2003 paene
986 1935 1209 2001 innumerabilia,

90 2010 120 2063 in
138 2011 190 2062 hoc
208 2008 327 2060 maxime
345 2007 504 2059 sollicitudo
524 2013 597 2066 erat,
618 2011 759 2061 utomnes
780 2005 969 2058 contentiones
989 2007 1109 2074 legales,
1137 2027 1210 2080 quae

51 2111 56 2119 ι
93 2080 158 2133 alibi
177 2089 252 2131 ortae
270 2085 379 2148 propter
396 2075 543 2147 aequitatis
561 2073 694 2126 iudicium
715 2073 848 2126 Palatium
867 2074 1110 2142 aggrediebantur,
1137 2081 1210 2133 iusto

93 2166 126 2203 ac
143 2147 342 2202 rationabiliter
360 2147 570 2211 determinaret,
590 2161 638 2196 seu
656 2161 779 2214 perverse
797 2143 919 2197 iudicata
938 2147 973 2197 ad
993 2149 1139 2218 aequitatis
1157 2159 1212 2204 tra·

91 2221 186 2273 mitem
205 2221 366 2282 reduceret,
387 2226 419 2269 ut
438 2225 466 2269 et
486 2233 575 2268 coram
593 2215 653 2265 Deo
670 2223 779 2284 propter
796 2214 944 2278 iustitiam,
965 2225 994 2268 et
1014 2234 1102 2270 coram
1121 2219 1211 2273 homi.
1304 2271 1308 2290 ¹

92 2291 174 2343 nibus
192 2298 303 2359 propter
329 2289 419 2354 legum
448 2285 664 2339 observationem
689 2283 796 2336 cunctis
818 2284 951 2354 placeret.
999 2287 1027 2338 Si
1051 2289 1119 2358 quid
1146 2306 1211 2344 vero

93 2359 152 2411 tale
171 2370 257 2419 esset,
276 2357 351 2427 quod
368 2359 440 2424 leges
459 2355 613 2408 mundanae
631 2353 684 2405 boc
703 2356 731 2406 in
759 2354 812 2406 suis
837 2355 1045 2410 diffinitionibus
1076 2369 1210 2414 statutum

94 2445 152 2480 non
169 2428 318 2490 haberent,
338 2435 386 2480 aut
404 2426 554 2478 secundum
572 2424 714 2490 gentilium
734 2425 961 2478 consuetudinem
987 2427 1124 2483 crudelius
1150 2447 1211 2484 san·

95 2499 180 2549 citum
201 2506 289 2558 esset,
311 2515 392 2566 quam
412 2495 623 2549 Christianitatis
639 2493 794 2555 rectitudo,
813 2495 857 2548 vel
875 2506 970 2550 sancto
988 2500 1136 2554 auctoritas
1153 2519 1211 2554 me-

93 2567 147 2618 rito
165 2584 221 2618 non
246 2566 411 2618 consentiret
421 2591 435 2628 ,·
456 2565 510 2618 hoc
535 2565 570 2616 ad
596 2564 673 2630 Regis
701 2563 914 2618 moderationem
939 2565 1152 2638 perduceretur,
1180 2580 1213 2624 ut

92 2635 152 2706 ipse
172 2653 233 2687 cum
252 2634 314 2697 his,
333 2635 380 2705 qui
400 2645 544 2706 utramque
561 2634 650 2700 legem
668 2644 794 2697 nossent,
815 2643 843 2686 et
861 2637 913 2690 Dei
932 2637 1034 2704 magis,
1058 2658 1139 2709 quam
1157 2641 1211 2693 hu-

92 2723 235 2757 manarum
253 2706 343 2770 legum
362 2711 465 2758 statuta
483 2705 714 2766 metuerent,'ita
733 2705 906 2769 decerneret,
933 2707 974 2760 ita
1001 2718 1151 2774 statueret,
1178 2718 1210 2763 ut

93 2775 141 2827 ubi
162 2785 307 2844 utrumque
325 2776 424 2828 servari
442 2784 550 2844 posset,
570 2783 717 2841 utrumque
734 2783 899 2828 servaretur:
917 2777 963 2843 sin·
976 2787 1068 2832 autem
1086 2781 1133 2832 lex
1152 2797 1211 2833 sae-

91 2845 149 2899 culi
168 2846 264 2897 merito
284 2847 523 2915 comprimeretur,
541 2844 647 2898 iustitia
665 2846 718 2903 Dm
738 2853 949 2900 conservaretur.

162 2963 250 3019 XXII.
285 2966 328 3017 De
344 2962 490 3017 honestate
506 2981 570 3018 vero
588 2963 706 3024 Palatii,
729 2979 777 3014 seu
802 2961 958 3083 specialiter
984 2973 1144 3018 ornamento
1167 2984 1210 3020 re·

797 3051 812 3082 a

94 3035 165 3102 gali,
184 3051 236 3087 nec
254 3053 311 3086 non
330 3043 358 3087 et
377 3036 411 3088 de
431 3034 509 3088 donis
528 3035 622 3086 annuis
641 3033 776 3097 militum,
833 3049 901 3102 sque
920 3032 982 3086 cibo
1000 3043 1028 3086 et
1052 3044 1137 3104 potu,
1163 3038 1209 3090 vel

95 3105 190 3174 equis,
211 3106 245 3157 ad
264 3105 573 3175 Reginampraecipue,
595 3113 623 3155 et
639 3102 690 3154 sub
710 3103 768 3173 ipsa
785 3103 821 3154 ad
839 3103 1021 3156 camerarium
1039 3106 1209 3175 pertinebat:

95 3184 124 3226 et
141 3176 290 3227 secundum
309 3174 443 3244 cuiusque
461 3175 498 3228 rei
517 3175 678 3244 qualitatem
697 3173 815 3244 ipsorum
833 3171 991 3225 sollicitudo
1010 3185 1077 3238 erat,
1095 3185 1126 3228 ut
1139 3187 1210 3230 tem·
1266 3197 1273 3206 ·

94 3261 162 3314 pore
179 3261 297 3311 congruo
315 3261 420 3315 semper
438 3246 529 3298 sutura
547 3244 750 3314 prospicerent,
770 3259 806 3295 ne
824 3242 908 3312 quid,
936 3243 1001 3294 dum
1027 3263 1094 3315 opus
1120 3256 1208 3311 esset,

94 3315 232 3366 ullatenus
252 3324 404 3385 opportuno
423 3325 545 3385 tempore
565 3315 702 3366 defuisset.
735 3315 777 3367 De
796 3312 874 3364 donis
893 3330 955 3366 vero
974 3313 1138 3368 diversarum
1158 3319 1209 3370 Le·

93 3382 231 3450 gationum
252 3386 286 3436 ad
304 3385 485 3437 camerarium
505 3383 669 3454 aspiciebat3
689 3382 741 3436 nisi
759 3384 829 3437 forte
847 3382 963 3454 iubente
981 3385 1052 3452 lle'ge
1075 3387 1132 3440 tale
1158 3387 1210 3440 ali.

93 3453 163 3524 quid
181 3464 267 3516 esset,
288 3455 363 3526 quod
381 3455 498 3521 Reginae
517 3455 551 3506 ad
571 3453 745 3506 tractandum
763 3471 825 3507 cum
843 3453 902 3524 ip'so
927 3464 1095 3520 congrueret.
1131 3459 1208 3512 llaec

94 3533 184 3575 autem
204 3525 312 3586 omnia,
334 3524 420 3578 ethis
438 3524 536 3576 similia
554 3541 587 3576 eo
604 3524 805 3587 intendebant,
825 3532 856 3577 ut
875 3523 909 3575 ab
928 3527 1001 3578 omni
1018 3527 1209 3581 sollicitudine

94 3594 243 3646 domestica
260 3595 305 3646 vel
323 3595 467 3658 Palatina,
486 3595 516 3645 in
535 3603 668 3664 quantum
685 3594 886 3648 rationabiliter
904 3605 931 3647 et
949 3594 1065 3650 honeste
1084 3615 1141 3650 esse
1159 3617 1209 3669 po·

94 3672 181 3726 terat,
201 3664 322 3716 Domnus
340 3667 396 3716 Rex
415 3665 596 3736 omnipotenti
615 3666 675 3715 Deo
693 3683 767 3735 spem
785 3684 859 3717 suam
877 3665 1066 3720 indesinenter
1084 3669 1209 3721 commit·

93 3740 155 3784 tens
175 3733 209 3786 sd
226 3734 311 3786 totius
329 3736 401 3801 regni
420 3744 519 3787 statum
550 3735 746 3800 ordinandum,
771 3736 817 3793 vel
843 3738 1058 3794 conservandum
1086 3738 1207 3792 animum

90 3819 197 3873 semper
214 3822 293 3857 suum
309 3813 463 3877 promptum
482 3805 602 3859 haberet.

161 3931 262 3982 xxtlt.
299 3931 341 3983 Ad
359 3937 412 3985 tres
431 3941 520 3984 autem
540 3929 746 3994 ministeriales,
767 3929 979 3998 senescalcum,
1005 3932 1206 3988 Buticularium

92 4005 121 4050 et
140 3999 273 4053 Comitem
293 4001 396 4053 stabuli
416 4003 565 4055 secundum
584 4000 801 4069 uniuscuiusque
819 4001 961 4053 ministerii
981 4003 1142 4074 qualitatem
1161 4007 1206 4058 vel

91 4069 273 4137 quantitatem
291 4072 464 4141 pertinebat,
485 4081 516 4124 ut
534 4088 595 4123 cum
623 4068 759 4123 communi
788 4087 921 4124 consensu
950 4072 984 4123 de
1015 4091 1064 4124 suo
1090 4077 1205 4146 quisque

90 4138 240 4191 ministerio
260 4141 422 4194 admonendi
440 4160 497 4194 nou
516 4149 604 4193 essent
621 4155 732 4206 segnes,
761 4149 792 4192 ut
810 4149 914 4210 quanto
933 4140 991 4194 eius
1018 4160 1074 4196 esse
1100 4149 1205 4215 potuis-

91 4217 149 4271 set,
168 4226 260 4263 omnes
280 4222 382 4265 actores
402 4213 478 4278 Regis
495 4213 678 4282 praescirent,
700 4208 749 4262 ubi
779 4213 823 4264 vcl
850 4209 897 4264 ubi
924 4213 981 4264 llex
1004 4212 1055 4266 illo
1080 4218 1125 4268 vel
1154 4218 1205 4272 illo

90 4283 222 4348 tempore,
238 4284 317 4335 tanto
332 4285 375 4339 vel
392 4292 469 4338 tanto
486 4282 577 4354 spacio
592 4295 700 4336 manere
720 4279 869 4346 debuisset,
887 4290 996 4353 propter
1010 4285 1203 4345 adductionem
