2734 4990
514 283 771 337 uiuos-annosa
1125 259 1198 332 tlt

186 432 347 494 Securitas
369 447 428 510 pro
453 423 624 487 homicidio
638 421 744 504 sacto,
770 422 798 478 si
818 439 849 480 se
872 418 1095 502 purificaverit.

179 543 298 610 CXXI.
337 541 476 602 Domino
499 539 590 598 fratri
611 536 671 596 illi.
713 537 799 594 Dum
823 532 993 615 instigante
1015 532 1199 595 adversario

95 631 187 714 quod
209 650 273 688 non
294 625 460 699 debueras,
483 641 669 702 germanum
689 625 833 678 nostrum
853 616 948 676 illum
977 615 1062 679 visus
1084 635 1117 678 es
1147 615 1200 676 in.

96 712 262 776 terfecisse
285 716 346 773 ete.
378 718 412 765 ut
437 725 532 787 supra
550 722 624 788 pag.
654 703 723 780 527.

355 815 358 823 Ι
473 812 477 818 .
524 828 598 889 Atia
623 828 782 890 securitas,

182 949 309 1015 CXXII.
350 948 422 1008 Nou
454 944 584 1004 minima
618 941 673 1004 sed
701 940 836 1001 maxima
866 948 1012 1001 vertente
1044 938 1203 1002 discordia

102 1039 187 1099 inter
205 1035 300 1096 illum
323 1041 355 1092 et
375 1031 487 1105 illum,
516 1035 548 1086 et
575 1025 631 1085 ille
652 1023 787 1084 veniens
814 1033 886 1084 ante
909 1022 956 1081 ill.
984 1034 1016 1084 et
1039 1021 1085 1088 ill.
1107 1043 1213 1106 repe-t

101 1120 172 1180 tivit
191 1119 258 1200 ipse
280 1115 329 1174 ill.
358 1113 509 1186 adversus
529 1108 635 1194 ipsum
664 1106 712 1170 ill.
733 1127 771 1168 eo
792 1107 880 1189 quod
911 1106 1089 1188 genitorem
1109 1125 1203 1166 suum

100 1213 159 1267 etc.
181 1213 215 1260 ut
240 1217 337 1280 supra
355 1216 426 1279 pag.
452 1192 522 1256 555.

518 1303 594 1364 Atia
618 1305 777 1368 securitas.

183 1425 336 1491 CXXIII.
377 1424 449 1484 Non
476 1420 608 1480 minima
627 1418 684 1482 sed
706 1419 843 1480 maxima
871 1415 1017 1482 vertente
1045 1418 1204 1480 discordia

100 1515 189 1575 iuter
219 1511 268 1574 ill.
291 1519 324 1570 et
343 1505 391 1570 ill.
413 1505 547 1566 veniens
568 1502 602 1562 iu
631 1505 738 1563 locum
760 1503 807 1567 ill.
835 1511 908 1562 ante
935 1503 1036 1564 bonos
1059 1502 1205 1564 homines

99 1593 269 1678 repetebat
288 1591 356 1674 ipse
386 1588 434 1648 ill.
456 1605 580 1646 causam
606 1607 695 1646 suam
722 1587 775 1648 vel
806 1584 952 1670 coniugis
975 1593 1035 1651 etc.
1056 1598 1204 1667 utsupra

100 1698 176 1762 pag.
206 1675 278 1756 569.

522 1783 594 1844 Alie
625 1784 784 1848 securitas.

191 1899 334 1966 CXXIV,
376 1901 460 1960 Dum
482 1907 514 1958 et
542 1898 704 1981 plerisque
731 1899 784 1959 vel
812 1897 959 1960 omnibus
985 1919 1051 1958 non
1073 1895 1209 1960 habetur

105 1987 307 2070 incognitum
329 1982 469 2064 qualiter
486 1981 583 2041 homo
605 1981 720 2062 aliquis
746 1980 874 2040 nomine
903 1982 959 2041 illc
980 1981 1144 2042 hominem
1167 1982 1208 2042 il·

103 2072 170 2133 lius
199 2068 349 2150 Episcopi
380 2066 447 2126 sive
472 2064 602 2124 Abbatis
629 2065 756 2125 nomine
782 2063 875 2124 illum
902 2063 1072 2146 instigante
1097 2064 1207 2126 diabo-

104 2155 151 2232 lo,
172 2149 315 2236 peccatis.
330 2147 531 2224 facientibus,
562 2147 646 2208 malo
669 2148 780 2206 ordine
806 2145 989 2226 interfecit,
1012 2145 1098 2206 unde
1124 2147 1207 2208 vitae

104 2234 290 2320 perieulum
311 2232 477 2290 incurrere
497 2230 617 2294 debuit.
661 2229 724 2289 Sed
738 2237 903 2309 postquam
925 2229 1016 2290 venit
1036 2229 1135 2288 isdem
1154 2230 1211 2290 ho·

105 2317 226 2378 micida
249 2336 355 2374 coram
376 2313 649 2393 ipso'Pontiiice,
680 2312 733 2372 vel
762 2332 868 2370 coram
897 2311 954 2371 illo
978 2312 1122 2390 Comite,
1151 2333 1210 2373 seu

109 2397 354 2482 quampluribus
373 2394 548 2474 magnificis
570 2395 648 2456 viris
665 2415 802 2476 quorum
822 2394 949 2454 uomina
971 2395 1081 2454 subter
1099 2404 1212 2456 tenen·

108 2493 164 2544 tur
188 2475 323 2556 inserta,
355 2479 554 2559 percunctati
578 2488 654 2537 sunt
677 2477 716 2535 ab
746 2497 784 2537 eo
807 2487 914 2536 utrum
938 2477 994 2537 ille
1020 2477 1081 2538 hoc
1106 2499 1212 2560 qnan-

111 2566 217 2650 doque
232 2569 452 2644 perpetratum
474 2559 614 2638 haberet,
637 2583 677 2618 an
697 2581 773 2621 non.
807 2559 912 2620 Isdem
931 2581 1006 2622 vero
1024 2560 1132 2638 homo,
1154 2557 1213 2642 qui

112 2670 153 2708 ex
173 2647 241 2704 'hoc
271 2643 507 2722 inquirebatur,
528 2664 678 2724 praesens
703 2641 821 2719 aderat,
843 2653 874 2702 et
898 2643 980 2702 hanc
1001 2663 1127 2704 causam
1142 2641 1214 2702 nul-

113 2731 239 2788 lateuus
264 2726 455 2807 denegabat5
485 2727 539 2786 sed
563 2725 660 2807 magis
683 2723 800 2784 exinde
830 2727 992 2786 confessus
1016 2727 1094 2802 fuit,
1124 2724 1215 2786 scili·

116 2820 167 2870 cet
187 2808 275 2890 quod
298 2806 462 2868 hominem
489 2807 588 2890 ipsius
612 2806 762 2890 Episcopi
788 2809 838 2866 vel
859 2808 948 2869 illius
979 2808 1127 2886 Abbatis,
1149 2830 1214 2868 un·

117 2893 157 2953 de
182 2883 415 2970 inquirebatur,
440 2889 661 2953 interfecisset.
703 2890 769 2948 Hac
795 2888 891 2970 igitur
918 2893 957 2950 de
979 2913 1073 2950 causa
1093 2891 1215 2950 iudica-

117 2983 186 3033 tum
219 2981 267 3032 est
298 2971 328 3029 ei
357 2971 482 3052 abipso
512 2974 634 3032 Comite
666 2970 786 3032 veleb
813 2973 889 3052 ipsis
919 2971 1064 3032 Scabinis
1101 2982 1134 3031 et
1156 2994 1216 3053 pa-

117 3054 270 3136 gensibus
297 3052 359 3112 loci
388 3053 475 3114 illius
500 3065 536 3113 ut
558 3056 646 3113 illam
672 3053 810 3127 leudem,
833 3054 920 3133 qnod
942 3063 1017 3113 sunt
1038 3053 1132 3114 solidi
1148 3065 1216 3114 tan-

116 3137 154 3214 ti,
181 3157 240 3219 pro
258 3156 316 3196 suo
342 3136 441 3196 wadio
461 3157 582 3218 ponere
611 3138 754 3198 deberet.
776 3136 871 3211 Quod
893 3137 936 3194 ita
955 3145 988 3194 et
1014 3136 1101 3200 fecit,
1128 3137 1216 3196 Post·

113 3241 152 3280 ea
175 3238 252 3280 vero
275 3237 402 3278 neeesse
430 3220 492 3278 fuit
513 3227 549 3282 ut
573 3219 634 3302 ipsi
659 3217 795 3293 homini,
818 3217 873 3297 qni
895 3219 995 3299 ipsam
1018 3217 1145 3278 leudem
1162 3237 1218 3298 po·

112 3322 192 3362 nere
211 3301 297 3360 visus
316 3309 372 3377 est,
394 3302 490 3360 talem
514 3301 680 3382 epistolam
698 3299 875 3362 securitatis
893 3322 952 3382 per
975 3311 1087 3360 manus
1106 3321 1218 3360 eorum

112 3379 269 3442 firmatam
295 3381 333 3441 ab
362 3383 431 3464 ipso
455 3383 639 3461 Pontifiee,
671 3383 723 3443 vel
759 3383 889 3464 abipso
916 3384 1058 3460 Comite,
1093 3404 1151 3444 seu
1177 3383 1215 3442 ab

112 3465 184 3526 aliis
206 3465 295 3525 illius
319 3465 380 3525 loci
403 3465 594 3546 pagensibus
616 3466 760 3546 accipere
786 3465 928 3543 deberet,
960 3467 1047 3526 utin
1074 3475 1216 3548 postmo-

112 3547 191 3608 dum
215 3548 254 3607 de
288 3546 348 3616 illo
372 3543 565 3625 homicidio,
597 3548 686 3628 quod
717 3557 796 3609 tunc
826 3571 1019 3630 componere
1043 3550 1130 3610 visus
1158 3557 1216 3626 est,

110 3651 244 3690 securus
258 3628 363 3689 valeat
383 3629 535 3694 residere.
562 3631 605 3690 Et
622 3630 648 3690 si
668 3639 775 3713 postea
796 3631 912 3712 aliquis
936 3632 1105 3710 exstiterit,
1120 3653 1215 3714 quae-

110 3711 325 3792 ounquelibet
350 3732 504 3794 persona,
539 3713 596 3794 qui
619 3712 722 3795 ipsum
750 3713 915 3775 hominem
943 3715 981 3774 de
1009 3713 1071 3775 hoc
1097 3716 1217 3782 remal-

109 3793 180 3854 lare
200 3792 350 3868 voluerit,
372 3794 433 3873 ipsi
458 3795 572 3855 fratres
599 3795 651 3856 vel
673 3817 872 3858 successores
899 3796 1009 3878 ipsius,
1031 3819 1088 3858 seu
1116 3819 1216 3879 agen-

109 3885 158 3936 tes
182 3875 273 3952 eius,
297 3875 354 3961 qui
377 3875 462 3935 hane
490 3878 754 3958 compositionem
782 3880 928 3960 accipere
962 3878 1021 3938 visi
1047 3887 1140 3956 sunt,
1169 3880 1216 3960 ip·

110 3979 181 4018 sum
208 3956 372 4016 hominem
400 3967 510 4017 contra
541 3961 717 4040 quemlibet
744 3960 910 4020 defensare
942 3961 1097 4030 delseant5
1127 3971 1158 4022 et
1189 3961 1217 4022 si

108 4038 172 4108 hoe
197 4041 304 4100 facere
328 4061 392 4098 non
416 4043 592 4122 potuerint,
614 4043 781 4115 restituere
805 4041 944 4101 debeant
961 4043 1213 4124 -tantum'quan-

109 4130 179 4182 tum
201 4121 298 4186 dedit.
342 4121 545 4203 Complaouit
567 4124 675 4206 itaque
702 4132 766 4183 tam
785 4123 845 4204 ipsi
873 4124 1034 4202 Pontifici,
1057 4146 1151 4206 quam
1170 4125 1217 4210 ip·

109 4206 138 4265 si
164 4202 294 4281 Comiti,
320 4223 378 4265 seu
399 4205 470 4266 aliis
492 4203 736 4292 quampluribus
757 4205 936 4288 magnificis
957 4206 1034 4274 viris
1063 4219 1099 4270 ut
1119 4207 1216 4274 talem
