2684 4990
435 268 634 360 retunsus
658 267 901 371 notanimis
1150 257 1224 334 801

115 425 241 484 teststtin
258 421 373 484 nonni*
388 419 430 476 sni
454 414 630 472 indinalritnr.
666 413 813 486 Postqutm
830 411 1039 483 inputaturus
1057 385 1165 470 Domini
1183 421 1226 474 sui

115 498 253 554 indicatus
270 503 329 562 est,
347 497 477 564 sequetur
493 486 639 545 Dominum
656 501 737 542 tuum
756 482 967 554 omnitempore
985 501 1151 560 quoeunque
1171 489 1227 540 Du-

114 569 202 622 minus
219 567 282 620 ierit
302 581 364 618 num
380 561 467 616 tribur
484 555 616 628 equituris
632 561 661 607 et
678 552 786 610 dnobus
802 551 894 617 servis,
912 553 952 607 ita
969 557 1044 628 quod
1060 557 1138 613 nulio
1156 567 1226 612 tem-

113 658 179 712 pore
196 657 226 694 se
245 629 404 704 conspectui
421 627 531 682 Domini
558 625 600 682 sni
622 633 720 695 sponte
741 622 882 687 ostendat,
909 624 961 679 nisi
984 627 1054 680 forte
1078 627 1226 682 inscienter

114 695 161 768 uel
176 709 206 762 in
223 707 285 770 via,
306 703 356 760 ubi
373 700 504 756 Dominus
522 714 556 750 ex
572 697 715 766 inopinato
733 691 887 764 perviam,
912 711 995 766 quam
1013 697 1107 766 uenit,
1133 699 1226 753 subito

114 773 265 838 neaemitur'.
300 771 438 830 Vtetuslia
455 776 484 823 et
510 767 643 838 pabulum
660 763 712 818 sibi
731 771 759 820 et
777 762 885 816 duobus
904 766 986 818 serris
1003 767 1073 830 suis,
1101 767 1176 822 euris
1198 770 1224 822 ei

112 845 275 924 providebit
311 845 356 900 Sit
376 849 467 893 nutem
484 837 632 896 Dominum
649 851 727 888 sunm
746 831 880 886 eonfinno
897 844 1046 906 sequetur,
1072 846 1103 890 ut
1120 845 1226 910 semper

114 919 188 992 apud
205 917 308 972 Priores
323 903 499 966 Colonienses
518 916 548 962 et
564 903 695 960 Dominus
713 903 795 956 Terre
812 911 842 957 et
866 905 941 984 apud
965 923 1057 960 omnes
1082 923 1151 978 quos
1175 925 1225 978 pa-

113 997 169 1048 test
185 988 305 1042 studiose
320 983 429 1036 laboret
444 995 494 1050 pro
508 975 697 1048 recuperanda
713 975 799 1040 grstia
815 974 924 1026 Domini
942 975 1000 1040 sni,
1030 983 1058 1028 et
1078 987 1110 1030 ut
1135 977 1225 1030 inimi·

2 1085 3 1112 1
114 1059 154 1115 eir
171 1057 226 1113 suis
243 1057 279 1112 de
295 1062 381 1111 morto
406 1045 718 1108 oreisrreeoneilietur.
763 1043 868 1116 Quodsi
892 1042 947 1100 hoe
978 1043 1048 1099 inira
1070 1063 1171 1100 annum
1198 1055 1227 1103 et

2 1180 3 1183 ,
114 1128 187 1186 diens
204 1125 326 1180 obtinere
342 1139 400 1177 non
417 1119 554 1182 valerent,
577 1125 646 1170 tune
672 1113 830 1168 livoratus
855 1113 1025 1178 Coloniensis
1051 1125 1080 1170 et
1095 1119 1224 1172 Camera-

114 1201 170 1254 rins
187 1197 288 1267 pariter
304 1191 452 1260 recludunt
467 1203 530 1269 eum
541 1186 577 1269 ‘in
593 1187 724 1266 Camers,
751 1199 810 1265 qne·
823 1184 945 1254 proxima
961 1193 1002 1242 est
1020 1187 1133 1308 Capelle
1150 1183 1226 1242 beati

2 1297 3 1308 ι
112 1253 217 1322 Thbme
235 1265 286 1319 suh
302 1262 406 1336 palutio
425 1258 637 1328 rlrehreprseoprg
655 1253 719 1309 ideo
734 1270 857 1379 proxima
865 1254 977 1308 Camena
988 1256 1062 1328 Cape
1072 1257 1112 1320 le,
1132 1265 1163 1313 nt
1179 1275 1227 1329 per

1 1369 2 1372 =
114 1339 259 1390 fenestram
275 1334 304 1387 in
322 1329 463 1402 Capellam
490 1326 639 1384 intrantem
655 1323 733 1390 singu
747 1323 770 1376 's'
795 1322 891 1392 diebus
908 1324 1030 1380 divinum
1048 1325 1225 1380 officiumne.

113 1407 171 1460 dire
188 1404 280 1475 possit
306 1401 352 1454 Sin
369 1406 461 1453 autern
477 1389 648 1452 recludetur:
667 1391 768 1462 Filium
783 1402 944 1458 stammemn
963 1395 999 1478 de
1014 1405 1092 1477 poste
1109 1397 1145 1449 ad
1164 1413 1227 1468 pos-

1 1521 2 1524 ,
113 1486 170 1530 tem
188 1491 237 1544 per
253 1471 373 1526 medium
390 1467 474 1522 hostii
491 1467 637 1530 tendetur,
671 1472 700 1518 et
715 1461 745 1518 iis
765 1463 954 1536 utroquefine
979 1467 1098 1532 sigillum
1117 1477 1226 1533 nereum
1302 1492 1305 1498 ·

112 1530 1014 1674 tut⁶³2t‘i,⁰t‘¹:su{21.‚ttuutttturtttu
1031 1537 1145 1660 iiiii
1162 1555 1226 1660 ³¹33:

112 1651 234 1738 tectioris
252 1688 281 1736 et
298 1629 367 1751 pice
385 1675 588 1748 Archiepiseopi
609 1690 720 1729 aeturus
738 1671 916 1756 abnhostibsrs
934 1674 989 1728 suis
1003 1661 1139 1744 manebit.
1160 1625 1224 1758 inst

116 1752 249 1807 oceasum
262 1768 327 1806 vero
345 1749 415 1802 Solis
434 1747 555 1802 hostium
572 1763 649 1800 snum
667 1744 707 1798 itu
723 1743 759 1810 sb
775 1751 849 1798 rntns
867 1743 978 1807 firmet,
996 1753 1028 1800 ut
1046 1745 1081 1798 ab
1098 1745 1223 1800 hortibus

114 1823 169 1878 anis
185 1822 281 1873 illesus
300 1829 329 1876 et
344 1817 499 1888 indempnis
527 1823 644 1869 maneat.
687 1811 721 1868 in
747 1813 801 1871 hat
826 1811 939 1871 Camena
960 1816 1075 1886 propriis
1100 1819 1225 1886 expensis

113 1890 330 1953 sustentabitur,
355 1889 394 1942 ita
412 1889 488 1961 qnod
506 1886 587 1940 Curia
604 1883 675 1940 nihil
693 1885 718 1936 ei
735 1883 876 1954 providere
892 1883 1035 1956 (tenetur).
1069 1885 1225 1956 Numquam

114 1961 199 2016 etism
217 1960 342 2014 omnibns
360 1957 458 2011 diebus
475 1957 532 2013 vite
549 1972 599 2008 sue
616 1954 785 2022 egredietur,
802 1952 856 2009 nisi
872 1955 946 2026 prius
962 1965 1123 2028 insuperata
1140 1957 1224 2022 gratis

1 2041 2 2044 ’
113 2029 224 2086 Domini
241 2031 284 2083 sni
301 2037 331 2086 et
348 2026 469 2082 amicitis
485 2023 657 2082 inimieorum
675 2041 805 2086 suornm,
825 2040 894 2093 quos
913 2026 948 2079 de
966 2034 1052 2080 morte
1071 2026 1154 2081 ooeisi
1172 2028 1224 2082 sibi

1 2112 2 2115 ’
114 2100 288 2174 compararit.
323 2097 551 2172 Archiepiseopus
567 2103 743 2177 tarnep'eum
758 2111 902 2174 nunquam
918 2095 949 2149 ia
965 2093 1078 2161 gratiam
1089 2115 1166 2179 sunm
1180 2115 1210 2150 re

1 2201 2 2207 =
114 2178 220 2234 sumet,
239 2167 292 2239 nisi
308 2169 382 2239 prins
400 2184 462 2222 eum
480 2165 573 2221 amicis
590 2180 673 2220 onerer
693 2171 880 2235 composuerit.
915 2165 1061 2235 Nunquam
1084 2168 1224 2252 siquidem

114 2250 147 2294 ut
164 2240 269 2292 dictum
287 2247 345 2300 est,
365 2237 430 2292 inde
451 2235 623 2306 egredieturp
636 2233 689 2287 nisi
708 2234 789 2286 certis
806 2234 972 2304 temporibus
988 2237 1052 2290 anni
1071 2238 1178 2296 scilieet
1193 2237 1222 2293 in

1 2329 2 2332 ¹
114 2309 264 2363 nativitate
284 2305 411 2372 Domini,
430 2304 459 2358 in
480 2305 612 2362 Paschate
630 2309 659 2357 et
675 2303 705 2356 in
722 2305 803 2356 Festo
821 2304 916 2356 Sanoti
941 2306 1028 2372 Petri3
1055 2304 1140 2362 habet
1153 2317 1223 2370 „ete-

112 2380 170 2432 nim
189 2377 329 2433 licentiam
348 2376 504 2444 egrediendi
522 2377 550 2428 in
568 2372 660 2428 Natali
677 2372 786 2426 Domini
811 2391 860 2444 per
883 2381 938 2428 tros
962 2373 1039 2438 (lieo,
1064 2376 1094 2434 tn
1119 2376 1224 2436 Pascha

2 2451 8 2478 ²
111 2467 162 2520 per
178 2457 234 2502 tres
252 2447 327 2511 dies,
346 2447 376 2500 in
395 2445 593 2518 Solempnitate
611 2441 707 2496 Sancti
731 2442 822 2505 Petri,
846 2459 932 2513 quum
958 2443 1091 2511 synodus,
1110 2445 1223 2518 Episco-

4 2543 9 2550 =·
132 2517 181 2572 slis
202 2516 374 2579 celebretur,
392 2531 443 2586 per
459 2524 514 2569 tres
532 2513 606 2575 diss,
626 2519 657 2564 ut
674 2519 742 2565 tune
759 2511 899 2566 universos
917 2514 1019 2568 Psioros
1044 2515 1168 2571 Ecclesie
1194 2525 1223 2574 et
1245 2570 1248 2578 ,

111 2537 242 2640 Bominos
260 2594 330 2640 terre
348 2595 378 2639 et
394 2601 488 2638 omnes
506 2583 607 2638 amicos
625 2591 655 2636 et
671 2583 835 2638 domesticos
852 2600 916 2636 suos
939 2591 1050 2638 moneat
1075 2597 1103 2642 et
1126 2597 1220 2654 reget,

2 2690 7 2696 -
111 2667 248 2728 quatenns
266 2673 313 2727 pro
332 2672 365 2709 eo
381 2653 570 2720 intercedant;
591 2659 619 2704 et
636 2651 768 2723 posthoc
786 2651 908 2705 triduum
925 2654 1017 2708 statim
1034 2653 1063 2706 in
1081 2657 1221 2713 emesan

110 2743 187 2778 suam
203 2742 260 2778 non
277 2725 422 2796 impetrata
440 2724 525 2793 gratia
543 2729 705 2784 revertetur,
719 2730 746 2773 et
765 2722 836 2774 sicut
853 2721 928 2792 prius
945 2721 1005 2775 illie
1022 2721 1145 2778 inclusus
1159 2743 1220 2798 por-

1 2846 3 2873 ὲ
110 2793 241 2848 manebit.
275 2793 380 2862 Quodsi
400 2793 553 2850 ullomodo
579 2809 698 2860 egressus
722 2791 820 2853 fuerit,
845 2790 956 2862 penitus
978 2792 1065 2846 totius
1089 2794 1156 2848 iuris
1178 2797 1221 2850 sui

111 2873 168 2917 tam
184 2861 323 2930 synodalis
339 2877 422 2930 quam
439 2862 568 2916 aeenlaris
585 2877 681 2930 expers
700 2859 834 2924 efficitur,
864 2870 893 2915 et
917 2860 953 2912 ab
979 2862 1052 2916 omni
1070 2861 1174 2920 honore
1192 2874 1223 2925 ot

111 2933 246 3002 dignitate
265 2946 315 2984 sus
332 2929 505 2998 destituitur3
525 2938 554 2984 et
572 2931 594 2984 si
611 2930 782 3000 postmodnm
800 2929 828 2982 in
846 2929 970 2984 Ecclesia
989 2933 1032 2986 rel
1050 2932 1080 2988 in
1098 2935 1221 2988 Semina-

1 3012 2 3015 ’
109 3005 168 3068 rio,
187 3002 233 3058 rel
249 3001 281 3054 in
298 2999 384 3063 urbe,
403 3000 449 3055 vel
468 3010 544 3055 extro
562 2999 674 3064 urbem,
692 3001 738 3054 rel
754 2999 805 3052 sub
823 2999 899 3070 peris
915 3009 1057 3074 ternpore,
1080 3005 1126 3058 rel
1144 3013 1220 3060 extr·

108 3091 227 3146 parem,
247 3071 304 3126 sire
322 3086 490 3142 quoeunque
506 3071 586 3150 loeo,
613 3086 780 3152 quoeunque
802 3077 925 3140 tempore
948 3071 1078 3154 lugetur„
1103 3083 1218 3156 captus,

110 3143 217 3198 oemsus
235 3141 334 3204 inerit,
364 3139 438 3194 illud
455 3141 529 3193 omni
546 3140 667 3192 vindicta
687 3139 813 3205 earobrt;
848 3149 877 3194 et
892 3149 1013 3194 mortuus
1031 3160 1060 3196 ιιι
1079 3143 1245 3203 Εὶιιιιῑοιὶο,-

108 3231 168 3268 non
184 3212 340 3283 sepelietur.
375 3210 514 3281 Qusmdin
531 3215 623 3264 autern
640 3210 669 3262 in
687 3211 799 3262 Camers
814 3212 1045 3292 perseveraverit,
1060 3230 1112 3284 ¹per
1127 3219 1231 3273 tourm'

9 3291 11 3298 '
109 3275 183 3335 eliens
206 3281 286 3336 amini
304 3287 333 3339 et
349 3281 457 3347 cognati
475 3288 504 3334 et
520 3279 581 3333 noti
599 3278 706 3334 adeum
721 3279 801 3334 licite
813 3274 916 3346 ingredi
927 3289 956 3333 et
970 3282 1060 3350 egredi
1075 3293 1215 3354 poterunt,

5 3365 10 3374 ’
110 3362 140 3406 et
156 3351 235 3422 loqui
253 3359 282 3405 et
299 3367 358 3404 esse
375 3365 438 3404 eum
456 3367 510 3414 eo,
542 3351 583 3403 ita
606 3358 716 3412 tumen,
749 3357 781 3402 nt
797 3349 979 3418 ingredientes
1005 3360 1032 3405 et
1051 3353 1219 3422 egredientes

5 3433 8 3444 ’
108 3423 188 3474 iilum
205 3431 235 3476 et
251 3420 341 3489 sigilis
358 3436 411 3474 nee
428 3428 576 3491 rumpant,
594 3436 686 3490 nsque
703 3417 807 3472 ludent.
844 3421 917 3474 Uxor
935 3437 1047 3492 qnoque
1064 3441 1113 3488 sus
1138 3435 1218 3498 pore.

6 3499 21 3536 :³³
106 3490 146 3544 sit
162 3490 198 3544 ad
217 3507 279 3544 eum
296 3489 421 3558 ingredi,
433 3499 471 3545 ,ιι
488 3505 597 3544 manere
615 3505 677 3544 eum
705 3506 755 3556 θος
774 3488 796 3540 si
812 3495 903 3542 temen
921 3491 1022 3562 prolem
1043 3491 1078 3548 de
1096 3509 1127 3552 en
1145 3497 1217 3550 intu·

108 3560 242 3626 genuerit,
252 3559 344 3631 proles
360 3559 411 3614 ilia
427 3558 548 3642 legitima
560 3575 619 3614 non
635 3559 696 3623 erit,
707 3568 736 3614 et
752 3558 881 3614 secularis
896 3559 961 3616 iaris
976 3579 1071 3634 expers
1088 3565 1213 3626 mauebit

177 3687 259 3750 vru.
281 3695 351 3752 uss
363 3697 749 3753 srurnrssssamnssnnesn
765 3698 971 3754 ministerum
984 3697 1093 3774 Imperii
1113 3673 1218 3758 snus

105 3767 278 3822 nemachium
288 3784 376 3820 coram
391 3769 600 3840 Ilrehiepiscopo
608 3769 747 3824 vocaverit
755 3769 824 3822 infra
835 3771 890 3824 xv.
901 3771 1047 3836 Diesillos,
1057 3772 1104 3844 qni
1115 3791 1220 3843 pugnu-

106 3837 164 3890 turi
172 3844 252 3900 sunt,
269 3836 495 3910 Arelriepiseopus
513 3848 659 3910 utrumqne
674 3857 763 3894 eornm
780 3840 816 3892 sd
828 3839 1020 3910 imperatorem
1037 3853 1214 3909 transmittet,

6 3919 17 3942 „-
107 3915 139 3958 nt
148 3923 235 3958 noram
247 3916 420 3978 repugnent,
437 3916 465 3960 et
474 3908 658 3962 Ministerialis
666 3909 742 3962 Beati
752 3909 823 3962 Petri
831 3911 891 3963 illio
900 3910 1031 3966 iustitiam
1038 3929 1114 3964 susm
1124 3931 1217 3984 prose·

1 4013 2 4016 ,
107 3985 214 4042 quetnr.
229 3977 382 4030 Venerine
392 3975 644 4048 imperatorfaniet3
663 3980 686 4032 si
695 3978 880 4034 Ministerinlis
893 3981 1215 4052 imperiillinisterialem

1 4058 18 4082 u
107 4042 184 4096 Beati
198 4043 268 4098 Petri
285 4062 374 4099 coram
385 4066 413 4101 se
424 4048 459 4099 ad
474 4065 592 4120 pugnam
610 4049 730 4112 traxerit,
743 4049 801 4120 ipse
817 4049 911 4104 umbos
923 4051 960 4104 sd
973 4051 1215 4126 Arelispisaopnru

105 4113 281 4175 transmittet,
294 4125 325 4168 ut
340 4116 564 4190 Archiepiscopus
574 4120 638 4173 inde
654 4119 770 4184 iudicet,
790 4121 893 4194 etquis
906 4119 960 4175 hoe
970 4123 1051 4176 morlo
1066 4124 1218 4194 inperator

1 4221 10 4230 ,,
105 4182 297 4234 ministeriales
317 4187 391 4240 Beati
408 4187 478 4241 Petri
490 4207 545 4240 nou
560 4187 679 4251 iudicat,
699 4191 746 4243 sed
762 4205 808 4242 eos
823 4192 858 4243 ad
876 4191 1021 4246 Dominum
1036 4192 1154 4262 ipsorum
1171 4215 1216 4250 re·

1 4298 3 4302 .
105 4251 207 4337 mittit,
223 4251 338 4338 'evidens
355 4264 396 4310 ert
414 4267 441 4313 et
459 4259 648 4325 manifestum,
676 4261 750 4333 quod
777 4259 890 4316 Nobiles
913 4259 995 4318 Terre
1021 4263 1212 4332 celeniensis.

917 4343 961 4416 ll
