2734 4990
441 365 443 370 ,
522 313 781 366 tirossamen
1141 296 1215 374 111

415 450 514 512 Aliud
543 450 695 514 iudicium
724 452 906 518 evindicati.

176 564 372 630 ὶ(3111117111.
415 567 476 628 1116
497 567 567 626 Rex
600 567 651 628 vir
674 566 833 631 inlustris·
876 568 1021 632 Veniens
1054 579 1128 633 aule
1159 595 1217 638 non

106 649 210 718 homo
238 650 366 708 nomine
392 648 448 709 ille
470 649 529 709 tibi
551 651 583 709 in
601 649 722 732 palatio
745 659 853 710 nostro
874 651 1029 732 placitum
1046 657 1218 718 6116111116·-

72 761 75 765 ·
112 730 409 814 gibusj'custodivit,
432 732 521 812 quod
545 731 680 794 babebat
706 733 791 813 apud
812 731 978 794 bominem
1003 734 1145 818 aliquem
1162 759 1219 798 no·

112 837 187 879 men
212 814 320 892 illum,
352 835 450 894 quem
473 835 531 897 per
558 836 647 876 suam
672 816 827 877 festucam
853 824 926 877 ante
956 837 1014 879 nos
1041 819 1129 881 visus
1156 819 1220 882 fuit

115 895 316 961 adrhamisse.
357 897 423 956 Sed
452 909 657 980 nuncupatus
692 896 749 957 ille
774 898 814 958 ad
840 898 996 980 placitum
1028 921 1122 962 suum
1153 923 1220 962 non

77 1043 82 1049 ,
114 981 219 1056 venit,
242 977 426 1059 nec-ipsum
448 988 681 1039 sacramentum
709 979 837 1058 iurarit,
865 1001 972 1063 neque
992 981 1150 1046 iuratores
1169 983 1220 1045 sui

114 1086 174 1126 nec
196 1062 283 1122 ullus
312 1061 376 1120 fuit
403 1071 534 1123 testator
563 1064 620 1144 qui
647 1062 741 1122 sunia
765 1059 951 1124 nuntiasset.
992 1065 1135 1127 Proinde
1164 1087 1222 1128 nos

113 1147 312 1226 taliterguna
338 1166 411 1204 cum
436 1144 585 1206 fidelibus
605 1145 741 1218 6661116,
770 1145 899 1221 idest,
932 1144 998 1206 illis
1031 1157 1063 1208 et
1084 1146 1223 1232 reliquis

112 1251 208 1312 quam
234 1225 393 1309 pluribus,
416 1227 476 1289 visi
504 1223 624 1288 fuirrius
647 1227 804 1288 iudicasse
826 1236 863 1287 ut
881 1227 957 1286 dnm
980 1227 1047 1310 ipse
1075 1229 1131 1290 ille
1156 1230 1221 1292 tole

113 1318 349 1376 sacramentum
362 1308 721 1387 habuitadfirmatum,
753 1319 785 1371 et
807 1310 911 1391 ipsum
933 1311 1120 1374 nullatenus
1141 1311 1225 1372 lura·

114 1397 174 1472 vit,
197 1415 258 1454 nec
285 1391 351 1472 ipse
372 1413 433 1454 uec
448 1393 693 1468 'iuratores'sub
718 1392 776 1454 sed
803 1390 922 1453 exinde
945 1413 978 1453 se
1005 1391 1162 1458 iectivum
1188 1393 1222 1454 in

116 1475 206 1538 omni
228 1472 366 1550 dimisit,
394 1485 565 1556 propterea
588 1473 734 1534 iubemus
759 1483 795 1535 ut
819 1475 895 1535 dum
920 1471 1006 1536 banc
1030 1497 1157 1538 causam
1178 1477 1225 1538 sic

118 1570 222 1622 actam
237 1557 302 1618 ¹vel
327 1566 540 1637 perpetratam
566 1577 632 1618 esse
655 1556 882 1639 cognovimus,
911 1565 947 1617 nt
967 1555 1035 1638 ipse
1060 1557 1117 1619 ille
1144 1557 1228 1641 ipsas

119 1640 235 1712 resin
266 1639 339 1698 loco
367 1640 424 1698 illo
453 1647 562 1699 contra
588 1641 735 1722 superius
764 1647 987 1720 nuncupatum
1012 1639 1107 1700 illum
1139 1640 1226 1702 omni

124 1736 271 1802 ternpore
304 1719 432 1802 habeaq
443 1720 647 1800 {evindicatas
678 1731 774 1802 atque
801 1721 989 1796 eiudicatas‚
1020 1722 1118 1784 61611
1142 1721 1229 1784 inter

128 1808 210 1883 ipsas
229 1803 429 1885 postmodum
451 1821 491 1866 ex
512 1803 574 1864 hoc
598 1804 749 1886 omnique
770 1813 913 1888 tempore
934 1803 1059 1866 sublata
1078 1803 1229 1869 causatio.

125 1891 244 1948 Datum
264 1886 349 1969 quod
370 1885 450 1948 fecit
473 1887 592 1948 mensis
614 1886 661 1947 ill.
682 1886 749 1949 dies
769 1896 886 1954 tantus.

484 2000 644 2062 Iudicium
664 2021 718 2061 sen
736 2003 857 2067 notitia.

205 2106 356 2174 CLXIX.
396 2109 483 2168 Dum
506 2108 664 2169 resideret
683 2110 795 2170 Comes
826 2109 882 2170 ille
905 2109 938 2172 in
958 2107 1067 2172 'mallo
1088 2131 1147 2172 suo
1165 2130 1229 2193 pu·

121 2195 209 2256 blico
231 2191 271 2252 ad
292 2192 516 2252 universorum
537 2212 646 2252 causas
664 2190 837 2252 audiendas
859 2193 911 2252 vel
933 2203 1021 2256 recta
1036 2192 1156 2253 iudicia
1174 2193 1229 2254 de·

121 2275 275 2352 finienda,
301 2273 409 2355 ibique
429 2273 566 2334 veniens
588 2273 767 2339 Advocatus
796 2275 885 2335 illius
910 2275 1061 2358 Episcopi
1085 2275 1228 2356 aliquem

120 2359 288 2420 hominem
307 2358 438 2418 nomine
457 2355 550 2416 illum
572 2355 817 2437 interpellabat,
839 2357 916 2419 dum
936 2359 1059 2420 diceret
1077 2378 1117 2418 eo
1140 2355 1229 2438 quod

122 2445 162 2502 (16
182 2439 286 2521 capite
301 2461 359 2500 suo
379 2437 517 2520 Legibus
534 2447 618 2498 esset
630 2459 740 2500 servus
759 2437 863 2523 ipsius
873 2439 1038 2502 Ecclesiae
1053 2440 1107 2500 vel
1129 2439 1228 2522 ipsius

123 2521 287 2604 Episcopi,
302 2531 334 2582 et
346 2529 479 2603 propter
496 2519 558 2580 hoc
576 2517 615 2580 de
638 2520 707 2601 ipso
724 2522 854 2582 servitio
871 2523 1037 2606 negligens
1050 2531 1145 2604 atque
1165 2541 1229 2582 rec·

125 2607 211 2666 tirus
224 2605 333 2676 adesse
348 2603 515 2665 rideretur
529 2601 616 2683 quod
632 2601 761 2683 genitor
772 2625 848 2665 suus
867 2605 920 2666 vel
938 2606 1078 2688 genitrix
1099 2625 1158 2666 sua
1173 2611 1230 2664 aut

127 2711 205 2748 avus
224 2708 300 2748 suus
321 2695 377 2745 aut
395 2686 467 2745 avia
487 2706 542 2746 sua
563 2687 720 2749 fecerunt.
762 2687 826 2748 Sed
849 2687 916 2768 ipse
943 2689 995 2749 vir
1015 2687 1176 2769 praefatus
1192 2685 1227 2744 in

125 2778 292 2852 praesente
313 2769 465 2844 abstabat,
488 2779 521 2828 et
539 2765 623 2826 hanc
645 2788 770 2828 causam
805 2768 838 2828 in
869 2770 1017 2832 omnibus
1039 2769 1227 2851 denegabat,

128 2852 215 2932 quod
236 2871 296 2912 uec
324 2851 385 2931 ipsi
410 2848 561 2931 Episcopi
586 2869 647 2910 nec
672 2849 732 2930 ipsi
761 2851 928 2912 Ecclesiae
955 2851 1016 2910 Dei
1047 2850 1227 2911 seeundum

129 2934 248 3014 legem
273 2931 398 2992 nullum
421 2932 587 2992 servitium
607 2951 700 3014 agere
723 2932 873 3009 deberet,
894 2953 933 2992 eo
956 2933 1044 3012 quod
1070 2933 1110 2992 de
1138 2940 1227 3011 parte

129 3026 261 3096 paterna
293 3023 349 3074 aut
380 3015 418 3075 de
447 3023 590 3076 materna
615 3015 791 3074 secundum
824 3015 941 3094 Legem
975 3014 1136 3096 ingenuus
1160 3033 1228 3074 esse

129 3099 302 3159 rideretur.
345 3097 407 3156 Sed
433 3096 491 3179 ipsi
517 3096 668 3172 Scabiui,
695 3096 845 3176 quitum
878 3095 997 3154 ibidem
1021 3096 1172 3170 aderant,
1195 3094 1226 3154 ei

127 3180 188 3241 risi
211 3179 344 3238 fuerunt
364 3175 516 3239 iudicasse
538 3188 686 3258 utsupra
706 3187 816 3240 noctes
832 3176 1041 3260 quadraginta
1056 3199 1128 3238 cum
1146 3175 1226 3236 duo·

125 3262 231 3324 decim
254 3260 404 3336 Francis,
433 3283 489 3322 sex
513 3261 552 3321 de
574 3269 662 3341 parte
685 3269 834 3342 paterna,
864 3270 896 3320 et
919 3281 975 3320 sex
1006 3259 1045 3320 de
1073 3270 1228 3334 materna,

125 3350 157 3406 in
182 3343 327 3405 Ecclesia
353 3345 409 3404 illa
430 3343 536 3405 iurare
560 3343 722 3404 debuisset
743 3343 830 3424 quod
851 3343 890 3406 (16
906 3349 993 3424 parte
1017 3352 1150 3424 paterna
1174 3350 1229 3401 aut

124 3431 164 3490 de
187 3435 328 3487 materna
355 3427 534 3488 secundum
560 3428 676 3506 Legem
702 3426 838 3486 Salicem
860 3427 1020 3508 ingenuus
1047 3446 1115 3486 esse
1140 3425 1228 3484 vide·

123 3518 223 3573 retur.
264 3507 345 3591 lpsis
377 3529 454 3570 vero
484 3507 629 3570 noctibus
662 3508 820 3587 expletis,
853 3508 1020 3570 venientes
1052 3507 1164 3589 utique
1188 3505 1229 3566 ad

123 3590 304 3656 Ecclesiam
324 3591 424 3669 illam,
446 3589 533 3652 risus
554 3599 600 3652 661
620 3589 687 3672 ipse
703 3589 797 3652 homo
815 3614 883 3654 esse
912 3589 1058 3667 iectivus,
1081 3590 1229 3671 eoquod

126 3698 192 3755 non
214 3673 451 3758 potuituipsum
475 3681 707 3735 sacramentnm
729 3675 859 3760 explere
888 3671 1028 3756 61661161
1051 3672 1227 3738 fuitiudi·

125 3766 242 3822 catum·
683 3820 687 3826 ,

424 3840 545 3902 Notitia
573 3837 612 3899 de
641 3847 725 3900 terra
746 3833 930 3916 evindicata.

209 3945 343 4014 CLXX.
383 3946 502 4009 Notitia
529 3947 667 4028 qualiter
697 3946 750 4009 vel
777 3945 895 4027 quibus
924 3947 1146 4028 praesentibus
1170 3970 1229 4012 ve·

126 4029 428 4102 rtiensvenerabilis
451 4030 503 4093 vir
524 4030 580 4092 ille
602 4031 690 4090 Abba
712 4029 752 4091 de
777 4029 971 4090 Monasterio
994 4028 1063 4108 illo,
1085 4027 1137 4092 dic
1157 4029 1227 4111 illo,

124 4113 341 4280 {ngloqqfi'illo
367 4124 440 4207 aute
469 4113 610 4178 illustres
623 4114 717 4220 'viros
749 4110 954 4234 magnificos,
985 4121 1043 4190 116.
1061 4125 1105 4220 ut
1119 4131 1229 4233 ‘aripre
