2676 4976
489 311 701 368 assarium
1082 303 1154 376 527

74 455 157 535 Quod
173 453 304 513 Comites
329 461 362 514 et
381 452 540 515 Praefecti
562 452 595 511 in
617 452 750 530 secuto,
779 451 841 514 boc
860 451 1011 540 Episcopi
1038 463 1157 523 caeteri

71 541 100 598 in
117 535 245 598 Ecclesia
262 535 415 616 explent.
457 537 581 596 Ferunt
601 534 738 594 enimin
761 535 908 598 Orientis
931 540 1076 618 partibus
1099 567 1158 626 per

71 621 194 702 singulas
213 618 324 695 urbes,
354 627 387 678 et
412 619 629 700 praefecturas
663 617 806 696 singulas
830 638 896 680 esse
922 621 1157 707 Episcoporum

73 699 299 784 gubernationes.
342 701 435 761 Sicut
459 700 597 760 Tribuni
625 700 781 761 militibus
805 714 992 783 praeerant,
1026 708 1069 766 ita
1088 709 1157 770 Ab·

72 789 150 846 bates
177 781 330 846 tlonachis
361 782 502 845 Athletis
530 782 751 864 spiritualibus
788 803 935 864 praeesse
970 800 1158 856 noscuntur.

74 865 320 947 Quemadmodum
337 877 415 928 sunt
432 865 465 924 in
485 865 617 926 Palatiis
637 866 824 942 Praetores,
846 875 878 926 et
897 869 1037 933 Comites
1059 875 1156 934 Pala·

74 952 124 1028 tii,
142 949 189 1030 qui
208 946 419 1008 saecularium
441 969 548 1008 causas
570 947 746 1020 ventilant,
770 948 812 1008 ita
836 957 964 1012 suntet
985 954 1051 1032 illi,
1075 978 1155 1038 quos

75 1052 188 1094 summos
202 1029 393 1110 Capellauos
409 1029 525 1092 Franci
541 1029 706 1113 appeliant
726 1029 928 1091 Clerieorum
943 1037 1045 1098 causis
1061 1060 1156 1120 prae-

74 1115 135 1176 lati.
168 1111 326 1192 Capeliani
350 1114 492 1174 minores
517 1113 561 1172 ita
582 1121 673 1188 sunt,
696 1112 780 1173 sicut
798 1112 832 1171 hi
859 1135 938 1195 quos
960 1139 1066 1182 vassos
1086 1123 1156 1182 Do·

74 1197 182 1256 minicos
205 1194 329 1254 Gallica
357 1195 594 1256 consuetudine
631 1195 843 1256 nominamus.
883 1197 971 1260 Dicti
995 1213 1070 1263 sunt
1096 1227 1157 1265 au-

71 1291 122 1340 tem
136 1275 271 1360 primitus
296 1278 469 1360 Capeliani
490 1299 508 1335 u
531 1297 629 1358 eappa
653 1278 740 1336 Beati
763 1277 913 1353 Martini,
936 1303 1032 1363 quam
1051 1287 1155 1367 Reges

68 1363 241 1420 Francorum
264 1358 305 1418 ob
328 1358 527 1420 adiutorium
549 1359 704 1420 victoriae
727 1360 760 1418 in
785 1361 912 1440 praeliis
935 1366 1081 1429 solebant
1102 1373 1157 1428 ba·

65 1443 127 1503 bere
152 1463 271 1517 secum,
303 1464 403 1522 quam
430 1445 572 1502 ferentes
599 1451 629 1502 et
656 1443 889 1518 custodientes,
918 1466 992 1506 cum
1022 1452 1156 1514 caeteris

65 1527 232 1586 Sanctorum
247 1524 400 1606 reliquiis
416 1524 535 1586 Clerici
552 1524 717 1606 Capeliani
738 1536 916 1605 coeperunt
928 1533 1045 1593 vocari.
1073 1535 1157 1594 Por·

63 1630 92 1668 ro
104 1608 179 1670 sicut
193 1607 336 1668 Comites
352 1606 483 1690 quidam
498 1607 608 1667 Missos
622 1629 694 1668 suos
707 1619 910 1688 praeponunt
923 1612 1155 1694 Popularibus‚

63 1691 109 1770 qui
127 1690 259 1750 minores
279 1711 393 1750 causas
412 1689 645 1765 determinent,
668 1689 746 1770 ipsis
769 1689 888 1749 maiora
909 1705 1089 1769 reservent3
1113 1700 1158 1758 ita

63 1772 174 1852 quidam
200 1772 360 1854 Episcopi
386 1771 641 1853 Chorcpiseopos
666 1771 806 1848 habent,
836 1775 892 1854 qui
920 1775 951 1834 in
978 1778 1073 1842 rebus
1095 1781 1158 1842 sibi

63 1856 312 1935 congruentibus,
338 1876 420 1935 quae
438 1854 655 1936 iniunguntur
677 1854 829 1915 efficiant.
872 1856 1078 1939 Centenarii,
1100 1862 1158 1945 qui

62 1946 87 1996 et
100 1939 324 2008 Centuriones,
348 1945 380 1999 et
395 1936 534 2012 Viearii,
556 1937 613 2018 qui
630 1958 688 2018 per
704 1959 801 2018 pagos
819 1942 928 1999 statuti
947 1953 1039 2021 sunt,
1061 1946 1159 2006 Pres-

60 2019 162 2087 brteris
181 2020 330 2096 Plebeii,
353 2019 409 2102 qui
434 2019 637 2101 baptismales
657 2019 816 2080 Ecclesias
838 2029 970 2101 tenent,
1002 2036 1033 2086 et
1056 2028 1159 2088 mino-

61 2089 135 2162 ribus
148 2110 300 2184 praesunt
316 2102 534 2185 Presbyteris,
558 2101 699 2163 conferri
720 2110 853 2182 queunt.
894 2106 1095 2170 Decuriones
1124 2118 1157 2171 et

61 2186 187 2262 Decani,
209 2185 266 2267 qui
291 2185 353 2245 sub
381 2185 458 2265 ipsis
486 2183 623 2246 Vieariis
651 2185 808 2265 quaedam
835 2186 960 2249 minora
986 2201 1156 2272 exercent,

62 2267 220 2328 minoribus
249 2267 451 2350 Presbyteris
485 2265 655 2327 titulorum
690 2275 824 2347 possunt
857 2273 1045 2353 comparari.
1088 2275 1157 2336 Sub

63 2349 295 2429 ipsisMinistris
317 2349 585 2410 Centenariorum
602 2358 677 2410 sunt
696 2348 800 2408 adbuc
818 2351 975 2432 minores,
999 2357 1055 2438 qui
1078 2359 1158 2418 Col-

64 2430 188 2511 lcctarii,
210 2432 471 2511 Quaternioues,
495 2440 527 2492 ct
547 2431 717 2494 Duumviri
732 2442 865 2513 possunt
884 2438 1059 2518 appellari,
1080 2442 1157 2523 quie

65 2515 205 2597 colligunt
222 2517 403 2597 populum,
433 2523 464 2575 et
489 2515 558 2595 ipso
584 2535 718 2574 numero
739 2517 928 2596 ostendunt,
958 2543 990 2581 se
1016 2523 1157 2586 Decanis

64 2618 119 2658 esse
135 2599 282 2659 minores
325 2599 409 2657 Sunt
428 2605 533 2659 autern
565 2597 631 2679 ipsa
650 2596 805 2658 voeabula
822 2600 861 2659 ub
877 2602 1068 2685 antiquitate
1089 2629 1158 2666 uru-

62 2687 150 2753 tuata,
173 2681 287 2762 inqua
309 2679 415 2740 officia
437 2681 657 2740 Praelatorum
677 2680 866 2742 dicebantur
881 2703 921 2744 ex
937 2707 1072 2750 numero
1084 2691 1158 2752 sub·

63 2760 218 2839 iectornm,
248 2773 288 2822 ut
311 2771 388 2822 sunt
414 2762 613 2837 Chiliarcbi,
644 2765 776 2839 Graeci,
806 2765 930 2843 Latini,
960 2769 1155 2850 Millenarii,

63 2843 248 2923 Centenarii,
277 2854 310 2905 et
334 2845 569 2922 Centuriones,
591 2846 865 2923 Pentepontarchi
888 2858 920 2909 et
943 2852 1157 2934 Quinquage-

53 2927 151 3004 narii,
177 2929 307 2990 Decani
342 2937 373 2986 et
402 2927 638 3003 Centuriones,
678 2929 938 3007 Quaterniones,
972 2934 1156 3001 Duumviri.

61 3005 103 3068 td
125 3008 259 3090 horum,
292 3010 326 3068 id
350 3019 413 3084 est,
442 3009 869 3084 minorum-similitudinem
898 3023 973 3072 sunt
999 3015 1156 3094 Diaconi,

62 3089 266 3170 subdiaconi,
287 3091 551 3174 Presbyterorurn
573 3092 734 3152 adiutores
756 3090 789 3150 in
810 3092 928 3170 verbo,
949 3094 1109 3175 Baptismo
1125 3107 1159 3160 et

62 3175 236 3250 quotidiano
258 3174 381 3242 officio.
424 3176 506 3236 Sunt
520 3173 615 3234 etiam
632 3172 911 3257 Archipresbyteri
925 3175 1157 3263 in‘Episcopiis

62 3257 287 3320 Canonicorum
314 3279 424 3318 curam
452 3267 608 3339 gerentes.
650 3256 775 3316 Habent
805 3268 839 3317 et
863 3266 1010 3338 potentes
1035 3263 1157 3324 saeculi

63 3338 258 3402 Consiliarios
282 3340 314 3400 in
340 3337 541 3416 domesticis,
564 3348 595 3399 et
610 3338 784 3398 liberorum
806 3341 990 3422 Periagogos
1007 3364 1157 3424 suorum,

61 3416 167 3484 habent
180 3424 242 3505 ipsi
256 3425 483 3485 Procuratores
508 3421 557 3482 rei
574 3420 751 3481 familiaris.
793 3423 949 3484 Similiter
965 3424 999 3482 in
1019 3427 1156 3507 quibus·

63 3501 122 3562 darn
139 3506 293 3567 Ecclesiis
311 3506 351 3566 ad
367 3503 619 3565 Archidiaconos
637 3504 778 3565 familiae
797 3505 928 3588 respicit
955 3507 1156 3588 gubernatio.

62 3583 133 3646 Sunt
147 3588 177 3646 in
190 3587 409 3650 saecularibus
428 3586 682 3665 Quaestionarii,
704 3587 761 3668 qui
775 3609 847 3650 reos
868 3591 1068 3662 examinant;
1080 3602 1158 3655 sunt
1254 3641 1259 3650 .

62 3664 88 3724 in
112 3670 255 3731 Ecclesia
274 3669 461 3730 Exorcistae
489 3671 690 3730 Daemonum
715 3670 908 3732 exclusores.
949 3673 1076 3734 Ilabent
1100 3697 1156 3756 po·

60 3752 184 3812 tentiam
212 3753 385 3829 Ianitores,
414 3752 512 3813 babet
547 3760 579 3812 et
607 3754 719 3812 domus
744 3753 806 3814 Dei
828 3753 1013 3821 Hostiarios.
1053 3759 1157 3822 Habet

62 3835 185 3896 nundus
212 3835 423 3912 Veredarios,
453 3835 782 3905 Commentarienses,
820 3836 971 3897 ludorum
998 3838 1156 3902 exhibito·

61 3932 122 3992 res,
142 3917 318 3978 carminum
335 3917 530 4000 pompaticos
554 3916 721 3986 relatores3
744 3916 840 3979 habet
853 3918 1000 3980 Ecclesia
1015 3921 1156 4006 Accoly-

62 4003 119 4073 tos,
139 4002 308 4077 Lectores,
332 4003 486 4061 Cantores
514 4009 609 4081 atque
633 3998 823 4060 Psalmistas.
853 4001 1023 4062 Caeterum
1053 4025 1094 4064 ex
1114 4028 1154 4066 u-

62 4077 192 4162 triusque
215 4083 336 4144 ordinis
363 4082 593 4144 coniunctione
618 4091 649 4141 et
672 4082 846 4142 dilectione
877 4103 942 4141 una
964 4084 1076 4148 domus
1092 4089 1168 4149 Det

62 4165 266 4243 corastruitur,
288 4185 390 4225 unum
411 4186 527 4244 corpus
544 4163 664 4226 Christi
685 4163 839 4234 el'ficitur;
861 4167 986 4226 cunctis
1004 4169 1155 4234 membris

62 4243 229 4310 ot'srciorum
254 4268 388 4310 suorum
420 4248 542 4310 fructus
572 4255 700 4309 mutuae
733 4245 865 4308 utilitati
894 4248 1156 4330 conferentibus,
