2676 4976
144 279 215 354 536
597 296 784 350 roastnms

145 449 283 524 paratam
309 434 491 508 festinaret,
514 441 546 493 et
565 443 697 516 propter
723 435 898 515 angustiam
917 445 1100 522 temporum
1112 455 1176 520 per
1191 441 1248 499 to·
1329 437 1330 446 ³

142 535 207 584 tam
227 523 312 582 diem
333 538 397 577 non
419 517 557 592 babens,
587 538 653 596 quo
677 515 868 594 diverteret,
894 520 984 580 iuxta
1010 519 1249 602 possessionem
1329 534 1330 547 ¹

144 605 286 666 eiusdem
309 599 490 680 Presbyteri
514 597 639 658 itineris
657 598 850 659 rectitudine
870 601 1082 682 perveniens,
1103 601 1250 662 devotis-

143 689 221 748 sime
248 686 288 743 ab
313 704 351 743 eo
375 688 537 760 susceptus
557 689 589 740 et
609 681 762 761 regaliter
782 679 956 743 honoratus
980 693 1044 754 est;
1067 683 1122 742 cui
1148 683 1250 742 dece-

145 771 223 830 dens
245 763 408 848 promisit,
440 763 516 842 quia
539 761 565 822 si
593 760 765 843 aliquando
794 762 854 822 sibi
881 765 1016 825 facultas
1041 773 1250 846 suppeteret,

144 851 207 911 boc
224 853 254 909 ei
271 845 438 928 prandium
458 854 723 924 recompensaret.
763 845 858 904 Nunc
879 867 955 928 ergo
971 847 1023 923 ei,
1044 867 1144 928 quem
1156 848 1252 905 Deus

145 943 183 990 nt
204 932 362 993 credimus
388 927 502 1006 elegit,
523 926 622 986 ol'ficii
649 926 746 985 vestri
776 947 891 987 multus
917 929 1104 1009 impendere
1135 928 1253 1007 digna-

144 1014 241 1076 mini:
263 1009 476 1072 dulcissimam
492 1008 719 1069 Paternitutem
732 1017 867 1068 vestram
883 1018 916 1070 et
929 1009 1106 1070 Ecclesiam
1121 1009 1254 1068 Sancti-

144 1096 202 1158 tnti
231 1109 351 1154 vestroe
375 1090 570 1151 commissam
598 1099 631 1151 et
654 1110 764 1150 omnes
788 1090 1001 1172 suffraganeos
1025 1100 1147 1150 vestros
1171 1112 1255 1150 cum

145 1176 293 1258 gregibus
309 1196 383 1236 suae
396 1185 498 1233 'curae
515 1172 740 1233 commendatis
761 1171 800 1230 ad
827 1171 953 1232 laudem
974 1181 1007 1234 et
1029 1172 1165 1253 gloriam
1191 1195 1256 1232 no-

145 1259 241 1320 minis
257 1256 387 1319 Domini
400 1258 487 1316 Deus
506 1256 706 1334 omnipotens
719 1273 904 1314 conservare
928 1254 1090 1335 dignetur.
1131 1255 1254 1315 Amen.
1332 1291 1333 1296 κ

147 1341 271 1422 Scripta
287 1347 334 1400 est
354 1347 458 1398 antem
476 1335 556 1396 baec
578 1336 720 1419 Epistola
737 1355 821 1394 anno
836 1337 1015 1416 praesenti,
1036 1336 1150 1398 indict.
1166 1337 1253 1405 XII.

148 1426 191 1484 Μ.
207 1419 385 1484 CLXXIV.

227 1505 315 1564 XlV.
335 1499 549 1562 Dilectissimo
566 1494 654 1558 fratri
670 1505 704 1558 et
720 1495 872 1556 unanimo
891 1499 994 1560 amico
1008 1497 1254 1560 Gloriosissimo

148 1586 342 1658 Galliarum,
364 1583 574 1662 Aquitaniae,
596 1587 627 1638 et
647 1579 815 1660 Hispaniae
837 1581 916 1662 Regi
934 1581 1113 1642 Hludorico
1127 1601 1256 1662 cogno-

147 1669 243 1729 minis
261 1665 356 1726 vestri
378 1665 429 1724 Hl.
450 1665 518 1724 Rex
540 1665 753 1736 Francorum,
777 1661 875 1742 gratia
899 1663 989 1724 robis
1014 1670 1046 1724 et
1063 1684 1126 1744 pax
1147 1674 1254 1743 atque

149 1750 280 1812 victoria
297 1748 336 1810 dc
350 1746 441 1807 coelo
454 1745 543 1806 vobis
558 1742 846 1804 subministrentur.
868 1745 1029 1822 Obsecro,
1050 1745 1151 1805 frater
1167 1745 1255 1804 cha·

146 1834 288 1907 rissime,
318 1829 445 1910 sanguis
471 1837 503 1886 et
529 1848 597 1887 ossa
624 1847 712 1895 mea,
741 1847 812 1905 pars
841 1826 964 1887 animae
994 1848 1103 1904 meae,
1125 1847 1253 1886 nomen

147 1937 271 1990 meum,
292 1920 329 1972 ut
347 1909 546 1992 postpositis,
566 1906 617 1966 vel
638 1907 742 1988 potius
762 1906 899 1988 explosis
913 1917 947 1967 et
958 1909 1120 1968 annulatis
1137 1909 1255 1968 simul-

147 1998 264 2058 tatibus
283 2003 315 2056 et
330 1991 524 2065 inimicitiis,
545 2011 623 2070 quas
646 1988 731 2049 inter
746 1990 873 2048 Patrem
891 2000 1032 2050 vestrum
1049 2001 1083 2050 et
1101 2000 1254 2052 nostrum

148 2079 256 2160 cupidi
277 2086 310 2136 et
330 2071 559 2156 perversissimi
583 2069 729 2131 homines
750 2071 907 2130 seminare
927 2073 1125 2152 gaudebant,
1148 2071 1253 2132 Chri-

146 2163 248 2222 stiano
265 2167 297 2218 et
319 2167 452 2237 cognato
469 2175 574 2215 amore
601 2174 656 2212 nos
680 2151 817 2211 invicem
839 2153 973 2233 diligere
998 2165 1030 2214 et
1049 2155 1132 2213 alter
1151 2153 1255 2214 alteri

147 2243 231 2306 domi
257 2240 455 2318 militiaeque
477 2237 533 2296 fidi
553 2245 584 2296 et
605 2233 705 2316 pacati
726 2255 792 2294 esse
815 2255 984 2312 curemus,
1006 2258 1047 2296 ne
1074 2235 1252 2317 quisquam

146 2327 258 2386 tertias
277 2344 332 2381 nos
349 2321 447 2394 duos,
468 2319 529 2378 nisi
546 2339 662 2391 nnrrm,
684 2337 715 2376 se
732 2316 877 2376 invenire
893 2318 1065 2396 tripudiet;
1088 2317 1181 2377 etita
1198 2319 1250 2388 lit,

149 2417 186 2466 ut
204 2427 263 2464 nec
282 2401 380 2463 nostri
402 2401 441 2460 de
458 2410 563 2459 nostra
585 2397 777 2459 dissentione
795 2407 828 2456 et
844 2398 1058 2460 minoratione
1082 2397 1203 2480 glorias
1221 2410 1253 2462 et
1336 2403 1337 2424 .

150 2488 318 2565 dignitates
330 2493 609 2562 aucupentur,nec
625 2478 795 2539 adversarii
810 2488 843 2540 et
857 2482 999 2540 extranei
1014 2481 1054 2542 de
1068 2481 1251 2562 Regnino-

147 2571 203 2630 stri
227 2568 371 2638 delectu,
394 2574 426 2624 et
441 2585 513 2623 casu
532 2562 718 2643 glorientur.
759 2563 801 2620 Ut
821 2572 927 2622 nutem
945 2563 1058 2623 foedus
1079 2563 1166 2621 inter
1191 2586 1252 2627 nos

150 2651 315 2711 conditum
339 2654 522 2727 permaneat
548 2645 693 2718 firmum,
720 2642 873 2704 mittimus
895 2644 985 2705 vobis
1011 2665 1068 2726 pro
1091 2645 1250 2708 arrabone

149 2731 308 2792 cavallum
324 2728 445 2788 viribus
469 2735 500 2786 et
517 2726 705 2800 velocitate,
729 2746 792 2784 non
815 2735 933 2785 statura
954 2736 986 2787 et
1006 2726 1157 2787 carnibus
1177 2751 1252 2810 pro·

148 2814 305 2887 babilam,
328 2820 359 2870 ct
384 2809 510 2884 sellam,
531 2808 660 2888 qualem
685 2827 740 2868 nos
770 2807 909 2868 insidere
935 2808 1098 2885 solemus,
1119 2819 1156 2868 ut
1190 2832 1251 2872 nos

146 2894 338 2958 fortitudine
355 2900 386 2951 et
408 2891 565 2966 utilitate,
588 2909 652 2948 non
675 2889 755 2948 luxu
778 2897 810 2949 et
834 2889 987 2952 inanitate
1008 2891 1162 2952 delectari
1185 2913 1252 2952 no-

147 2978 267 3041 veritis.
309 2974 463 3037 Mittimus
486 2971 580 3032 stiam
604 2970 757 3030 cortinam
779 2972 1097 3052 praestantissimam,
1125 2974 1248 3053 quain

146 3061 264 3144 palatio
287 3065 393 3118 vestro
414 3065 554 3134 tempore
575 3052 701 3112 consilii
722 3073 781 3133 pro
804 3054 895 3133 signo
914 3054 1098 3115 dilectionis
1119 3065 1248 3116 nostrae

146 3163 298 3224 suspensa
325 3137 430 3198 omnia
453 3135 681 3196 maledicorum
708 3135 876 3194 seminaria
899 3137 1147 3213 contabescant,
1168 3138 1247 3198 dum

147 3237 179 3286 et
194 3245 294 3282 meam
310 3221 392 3300 apud
412 3240 467 3278 ros
484 3217 687 3278 devotionem
705 3214 766 3275 boc
782 3236 936 3293 munere,
959 3227 990 3276 et
1012 3228 1149 3278 vestram
1170 3240 1246 3301 erga

148 3329 205 3366 nos
226 3305 425 3364 affectionem
446 3302 512 3382 ipsa
543 3298 702 3368 viderint,
733 3307 765 3357 et
792 3299 1001 3359 extimuerint
1022 3300 1247 3363 ostentatione.

145 3390 187 3450 Et
206 3397 243 3446 ut
255 3388 294 3446 de
313 3385 393 3444 vitae
414 3393 536 3442 vestrae
559 3379 767 3440 diuturnitate
785 3401 841 3440 nos
862 3381 1016 3441 sollicitos
1031 3403 1099 3442 esse
1116 3385 1245 3443 noveri-

146 3473 205 3543 tis,
229 3468 395 3549 dirigimus
408 3465 497 3526 robis
515 3471 670 3537 aromata,
694 3470 726 3519 et
748 3471 929 3543 unguenta,
952 3471 984 3522 et
1002 3463 1163 3544 pigmenta
1178 3485 1246 3525 me-

145 3552 312 3625 dicabilia,
335 3567 473 3628 quornm
494 3545 609 3620 odore,
639 3543 854 3618 delibatione,
881 3552 913 3602 et
941 3565 1052 3622 sapore
1077 3546 1241 3624 delectati,

144 3637 202 3697 din
221 3634 347 3701 vivere,
369 3636 401 3686 et
421 3650 478 3688 nos
496 3626 630 3703 diligere
651 3626 782 3684 firmiter
798 3635 829 3684 et
844 3625 913 3684 inre
931 3625 1082 3688 debeatis.

225 3714 298 3774 XV.
322 3709 463 3769 Uterinis
486 3708 655 3783 fratribus,
684 3707 864 3786 Adoptulus
886 3708 1001 3784 trater,
1023 3708 1057 3767 in
1079 3709 1241 3770 Salvatore

141 3797 256 3860 mundi
271 3794 414 3854 salntem.
454 3792 533 3850 Rem
550 3789 704 3849 miraculo
720 3788 866 3868 dignam,
887 3788 985 3849 immo
1000 3800 1239 3872 portentuosam

141 3883 220 3943 anibi
245 3874 447 3960 praecipitis,
476 3883 512 3932 ut
538 3871 667 3946 balhns,
698 3869 886 3944 edentulus,
909 3881 941 3931 et
963 3872 1044 3931 ideo·
1063 3873 1185 3950 blesus,
1205 3883 1240 3934 et

140 3976 177 4022 nt
202 3962 308 4024 verius
337 3957 460 4032 dicam,
486 3955 735 4015 semiblaterator
762 3952 927 4013 surdastris
954 3954 1063 4030 robis,
1086 3963 1117 4014 et
1136 3954 1240 4038 potius

140 4044 308 4107 insensatis
326 4051 470 4112 cantare,
488 4058 545 4098 seu
559 4037 692 4108 ludere,
715 4035 783 4095 sive
802 4035 966 4095 lamentari
984 4035 1132 4098 debeam:
1153 4037 1239 4118 quod

138 4140 247 4190 cotnra
270 4123 511 4205 possibilitatem
533 4128 564 4177 et
583 4117 809 4177 conscientiam
825 4137 927 4176 meam
948 4117 1088 4200 incipio,
1110 4118 1166 4200 qui
1185 4138 1239 4178 vo-

136 4215 184 4275 bis
202 4209 375 4294 quicquam
400 4207 556 4284 denegare
577 4221 712 4282 nequeo.
754 4201 818 4260 Vos
836 4209 942 4260 autem
960 4199 1088 4261 etmihi
1104 4196 1238 4264 etrobis
