2734 4990
522 291 778 349 iinnsnniiomr
1141 273 1213 348 ⁴55

499 432 660 492 Indicnlns
693 432 816 510 regalis.

191 547 377 611 CLXXVI.
421 547 481 606 Ille
503 547 572 606 Rex
588 548 788 605 Francorum
811 543 860 604 vir
889 545 1015 612 inlustr.
1045 549 1215 632 magnifico

105 633 228 694 Comiti
252 631 298 691 ill.
341 631 519 712 Cognoscas
543 629 619 709 quia
648 629 706 687 istc
730 647 897 707 praesens,
920 628 1011 690 missa
1038 631 1214 712 petitione,

110 714 204 775 nobis
234 712 387 796 suggessit
407 712 496 792 quod
519 709 613 768 homo
636 710 754 790 aliquis
778 709 906 770 nomine
929 709 985 771 ille
1013 733 1063 773 res
1090 735 1160 776 suas
1180 715 1213 774 in

109 803 217 858 vestro
238 794 428 870 ministerio,
451 802 511 860 etc,
542 804 575 852 nt
600 811 695 874 snpra
715 809 786 874 pag.
813 791 882 854 358.

471 908 552 964 Item
575 907 654 964 alins
677 904 850 970 Iudicatur.

193 1008 391 1076 CLXXVII.
434 1009 580 1070 Dominis
615 1009 733 1068 sanctis
761 1008 795 1066 in
820 1008 947 1071 Christo
977 1013 1126 1074 Patribus
1153 1035 1217 1074 om·

110 1097 203 1158 nibus
231 1093 418 1178 Episcopis,
447 1113 503 1154 scu
532 1101 563 1151 ct
587 1091 824 1151 venerabilibus
854 1091 1000 1155 omnibus
1028 1096 1215 1174 Abbatibus,

108 1190 203 1259 atque
229 1176 421 1238 inlustribus
448 1175 535 1249 viris,
567 1194 623 1233 seu
650 1183 682 1233 ct
710 1172 786 1234 viris
812 1173 989 1254 magnificis
1015 1177 1216 1254 Domestica,

106 1261 267 1336 Vicariis,
288 1257 510 1334 centenariis,
530 1256 626 1316 etiarn
656 1254 785 1336 paribus
810 1265 842 1315 ct
865 1256 974 1318 amicis
1005 1261 1138 1338 nostris,
1161 1283 1217 1322 scu

105 1353 138 1404 et
162 1343 266 1404 Missis
296 1339 415 1400 nostris
435 1337 699 1416 discurrentibus,
722 1337 779 1398 ille
802 1339 869 1397 Rex
883 1339 1080 1404 Francorum
1102 1343 1151 1402 vir
1170 1343 1218 1401 in·

106 1428 219 1487 luster.
271 1421 478 1502 Cognoscatis
503 1421 590 1501 quod
618 1421 677 1479 iste
705 1439 856 1501 praesens
884 1419 940 1480 ille
967 1423 1007 1482 ad
1035 1445 1093 1486 nos
1115 1425 1212 1500 venit,

108 1518 140 1568 et
166 1515 308 1566 nostram
331 1503 638 1562 commendationem
654 1501 808 1583 expetivit
829 1500 958 1580 habere,
982 1513 1014 1564 et
1035 1527 1092 1566 nos
1117 1507 1219 1586 ipsum

110 1589 251 1672 gratanti
273 1584 381 1644 animo
403 1586 578 1666 recepimus
602 1584 655 1644 vel
680 1583 866 1648 retinemus.
915 1585 1091 1668 Propterea
1113 1589 1218 1646 omni-

89 1693 155 1731 -no
175 1671 228 1731 rel
249 1687 400 1748 rogamus
423 1675 516 1746 atque
539 1666 737 1738 iubemusnt
763 1687 870 1746 neque
895 1687 962 1743 vos,
985 1689 1091 1750 neque
1116 1668 1219 1728 iunio-

95 1773 175 1830 res,
198 1771 306 1831 neque
325 1769 521 1808 successores
546 1749 643 1808 vestri
665 1747 769 1827 ipsum
793 1749 843 1807 vel
867 1746 1013 1810 homines
1037 1772 1131 1826 suos,
1163 1753 1218 1832 qni

116 1835 155 1894 ad
184 1833 288 1914 ipsum
309 1830 453 1911 legitime
476 1841 617 1911 spectare
640 1830 811 1904 videntur,
841 1829 1042 1910 inquietare,
1066 1855 1126 1893 nco
1148 1854 1222 1892 con-

114 1918 277 1990 demnare,
300 1933 362 1972 nec
382 1912 420 1972 de
441 1913 539 1972 rebus
561 1912 625 1972 suis
649 1911 681 1976 in
696 1913 765 1972 ullo
787 1911 981 1989 abstrahere,
1003 1934 1063 1975 nec
1086 1915 1221 1976 disnmn-

113 1999 184 2058 nire
208 1993 435 2078 praesumatis,
459 2015 519 2055 nec
536 1997 641 2054 facere
660 1994 871 2075 praecipiatis.
913 1993 955 2053 Et
978 1995 1004 2055 si
1029 1998 1101 2058 talis
1126 2018 1219 2058 cansa

113 2081 266 2140 adversus
287 2099 361 2154 eum
390 2077 569 2138 surrexerit
589 2086 644 2134 aut
664 2087 731 2138 orta
751 2077 850 2136 fuerit
870 2079 898 2152 (*
921 2085 953 2136 et
974 2077 1093 2140 ibidem
1119 2079 1219 2140 adim-

111 2161 208 2244 pletis
232 2181 288 2220 vos
315 2159 435 2239 absque
455 2181 568 2220 eorum
596 2159 630 2218 iu
653 2181 719 2240 qno
744 2159 912 2239 dispendio
933 2159 1064 2222 minime
1090 2162 1220 2224 definita

110 2242 224 2317 fuerit,
246 2241 334 2324 quod
358 2250 431 2300 ante
455 2263 512 2301 nos
525 2262 672 2322 separare
693 2241 744 2303 rel
758 2249 932 2304 reservatas
947 2242 980 2318 *)
1002 2253 1034 2304 et
1056 2243 1128 2304 talis
1143 2265 1219 2304 can-

110 2349 144 2386 sa
169 2334 242 2385 ante
266 2345 323 2383 nos
342 2322 497 2382 finitivam
511 2323 647 2406 accipiat
665 2322 864 2384 sententiam.
907 2325 949 2384 Et
966 2331 1002 2384 ut
1018 2326 1135 2386 certius
1153 2347 1220 2386 crc-

110 2408 210 2482 datis,
238 2427 337 2464 manu
363 2413 469 2466 nostra
491 2404 835 2480 subterfirmavimus,
857 2415 889 2465 et
920 2407 958 2472 ile
988 2409 1087 2468 anulo
1110 2417 1218 2468 nostro

108 2489 331 2572 sigillavimus.

326 2637 327 2640 ¹
567 2602 762 2666 Mandatum.

194 2707 418 2772 CLXXVIII.
460 2709 599 2768 Domino
628 2708 718 2769 fratri
747 2709 807 2771 illi.
868 2711 987 2770 Precor
1012 2720 1043 2769 et
1072 2710 1218 2791 supplico

116 2791 326 2852 dominationi
346 2799 482 2866 vestrae,
504 2789 580 2850 dum
601 2800 633 2851 et
648 2812 773 2852 causam
793 2813 849 2872 pro
868 2793 959 2851 alode
978 2800 1055 2866 taut
1074 2795 1219 2872 ‹partilem-

118 2879 264 2956 cunque)
286 2895 360 2932 cum
382 2871 514 2932 homine
537 2874 666 2934 nomine
695 2873 751 2934 illo
784 2875 815 2931 in
845 2873 960 2954 palatio
994 2881 1051 2934 aut
1084 2875 1219 2934 ubilibet

92 2954 236 3044 ¹habere
257 2954 371 3016 videor
394 2964 452 3015 etc.
474 2967 507 3014 ut
532 2975 627 3038 supro
644 2976 715 3038 pag.
747 2957 822 3016 355.

92 3132 96 3136 ,
569 3069 642 3128 Alio
664 3067 770 3134 modo.
1120 3137 1122 3140 ¹

200 3175 382 3243 CLXXIX.
425 3175 594 3258 Magnifioo
621 3177 711 3236 fratri
739 3176 805 3250 illi,
843 3195 901 3255 ego
932 3173 987 3234 ille
1011 3175 1095 3234 lilius
1124 3176 1221 3238 itlius.

117 3262 226 3343 Rogo,
248 3260 414 3342 supplico,
444 3269 539 3340 atque
567 3271 640 3322 tuae
670 3257 794 3317 caritati
822 3257 956 3336 iniungo
988 3266 1022 3316 nt
1046 3259 1086 3318 nd
1116 3260 1220 3318 vicem

112 3365 218 3402 meam
240 3344 402 3404 civitatem
422 3343 533 3418 illam,
562 3350 621 3404 etc.
643 3353 790 3422 utsupra
815 3359 886 3420 pag.
909 3339 978 3418 575.

137 3455 326 3518 Mandatum
347 3457 483 3538 qualiter
508 3459 638 3518 maritus
660 3459 814 3534 negotium
846 3459 957 3516 uxoris
981 3464 1201 3539 prosequatur.

198 3569 362 3633 CLXXX.
404 3574 490 3632 Dum
512 3580 545 3632 et
559 3571 696 3632 humana
719 3573 827 3652 prodit
840 3573 970 3647 utilitas,
986 3582 1017 3631 ct
1029 3571 1093 3630 Lex
1113 3569 1222 3628 Rorna-

116 3675 157 3712 na
185 3653 339 3736 exposcit,
361 3654 603 3735 etquicunque
626 3655 733 3714 uxoris
753 3676 829 3715 suae
846 3655 1009 3735 negotium
1026 3651 1126 3712 luerit
1149 3674 1224 3732 pro-

114 3745 297 3816 sequutus,
319 3735 465 3816 quamvis
496 3737 627 3796 maritus
649 3737 712 3816 sit,
748 3737 830 3796 nibil
857 3736 944 3796 aliud
974 3744 1063 3818 agat,
1100 3743 1158 3793 etc.
1191 3747 1225 3792 ut

114 3838 214 3900 supra
232 3839 304 3900 pag.
327 3820 397 3895 384.

510 3934 611 3994 Aliud
630 3933 827 4024 Mandatum.

200 4031 382 4107 CLXXXI.
425 4045 566 4105 Domino
588 4039 755 4125 magnifico
778 4041 867 4102 fratri
883 4033 943 4116 illi,
967 4059 1024 4120 ego
1047 4037 1113 4098 ille.
1144 4037 1222 4097 Om-

85 4121 88 4129 ’
118 4123 213 4186 nibus
243 4146 308 4210 nou
327 4124 465 4198 babetur
488 4119 687 4206 incognitum
711 4123 850 4206 qualiter
873 4145 921 4182 me
944 4129 1092 4184 senectus
1116 4121 1225 4202 adgra-

90 4215 189 4294 Uvat,
229 4215 272 4304 ct!
292 4207 609 4298 lnfis¹l¹lll⁸.,d9¹¹¹²¹l2
638 4217 672 4272 ut
702 4228 808 4290 causas
833 4227 917 4268 meas
943 4204 1072 4292 minime
1095 4203 1225 4292 ,ualeam
