2734 4990
172 257 245 333 teo
634 272 826 330 renueras

171 419 306 486 facultas
332 415 484 500 suppetit,
507 413 671 476 vobiscum
693 412 903 478 libentissime
923 411 1149 512 impertiamus.
1189 415 1277 480 llaec¹

171 504 294 568 idcirco
324 521 382 583 per
406 497 532 578 singula
553 497 734 558 studuimus
760 498 900 560 scribere
922 516 999 578 quia
1020 496 1155 579 epistola
1177 519 1278 580 supe·

170 587 239 650 rius
264 584 348 646 dicta
369 599 428 662 per
449 577 602 661 seriptum
619 578 707 640 vobis
733 578 934 643 innotescere
955 578 1047 640 iussit
1068 579 1108 639 de
1128 579 1279 662 singulis.

171 669 219 730 Ea
245 687 322 728 vero
353 682 436 744 quae
465 660 556 722 subse
582 681 661 722 nens
688 663 833 744 exposcit
858 681 961 722 sermo
991 668 1115 722 nostrae
1144 683 1278 745 compe-

170 757 246 812 tunt
277 742 517 809 necessitudini.
559 682 685 824 liquet
715 763 853 825 namque
883 743 971 824 quod
1006 763 1100 838 sagax
1131 744 1278 806 efficacia

172 842 311 894 vestram
335 825 481 888 astutiam
500 825 669 907 praecellit
691 825 833 886 omnium
853 825 937 886 hauc
960 825 1153 907 legationem
1175 848 1279 910 agen·

171 915 254 976 tium
284 920 320 971 ut
348 907 493 991 superius
521 906 642 966 dictum
667 906 808 968 declarat
836 908 975 972 allatum.
1027 907 1069 966 Et
1095 907 1170 979 ideo
1197 909 1280 988 qnia

170 1018 247 1080 prae
275 991 398 1054 cunctis
425 988 637 1051 excellentius
664 989 879 1073 subtiliusque
909 989 1044 1050 candem
1078 989 1280 1070 legationem

172 1083 190 1140 ai
216 1077 308 1138 vobis
334 1071 476 1134 ordinari
502 1069 629 1148 scimus,
655 1071 695 1132 de
716 1082 821 1134 vestre
843 1070 1032 1133 inviolabile
1059 1073 1190 1134 caritate
1213 1075 1282 1135 fre-

170 1162 196 1222 ti
225 1157 397 1220 consilinm
424 1152 603 1236 expetimus
632 1153 791 1292 quomodo
824 1154 924 1236 ipsam
956 1173 1049 1236 egere
1081 1154 1282 1232 debeamus,

172 1253 210 1304 ut
235 1242 320 1303 sicut
340 1259 409 1299 eam
430 1255 530 1318 penes
559 1256 614 1295 vos
657 1235 756 1296 abetis
782 1236 979 1318 depositam,
1012 1235 1153 1316 qualiter
1178 1238 1280 1318 Epis·

171 1346 269 1406 eopos
298 1321 350 1382 vel
373 1318 554 1381 Canonicos
575 1325 630 1378 aut
646 1316 831 1396 Mounehos,
853 1317 905 1379 vel
929 1317 1046 1398 quibus
1065 1319 1216 1400 capitulis
1238 1321 1281 1379 ab

172 1406 218 1467 eis
248 1403 417 1465 debeamus
446 1399 630 1479 requirere,
660 1421 719 1480 per
746 1399 892 1464 ordinem
920 1407 1037 1460 cuneta
1060 1401 1200 1462 celerius
1238 1404 1279 1462 ad

173 1511 231 1548 nos
248 1505 417 1547 recurrens
437 1480 583 1542 ostendat
598 1481 740 1562 epistola.
769 1481 861 1542 lllam
876 1503 1005 1564 quoque
1026 1482 1174 1564 paginam
1189 1505 1279 1564 quac

172 1590 279 1633 eoram
298 1565 437 1627 Domino
463 1565 655 1645 Imperatore
680 1572 713 1624 et
735 1563 827 1626 nobis
854 1563 1000 1624 omuibus
1023 1565 1105 1625 lecta
1129 1575 1178 1625 est
1199 1587 1280 1625 eum

172 1649 331 1713 universis
357 1646 548 1730 generaliter
575 1647 646 1707 data
671 1644 735 1706 fuit
759 1646 890 1709 licentia
915 1646 1015 1708 eundi
1041 1646 1160 1729 palatio
1190 1649 1281 1730 pari·

169 1745 221 1796 ter
251 1753 323 1792 cum
348 1751 404 1810 pra
431 1727 530 1809 petita
554 1727 686 1809 epistola
712 1727 951 1800 nobismittite;
974 1737 1007 1790 et
1029 1749 1095 1788 uon
1115 1729 1225 1790 solum
1243 1752 1281 1790 ea

170 1837 254 1900 quae
275 1811 462 1874 nominatim
478 1811 701 1892 expressimus,
715 1813 772 1872 sed
788 1812 938 1895 praebete
961 1820 1076 1871 cuncta
1097 1832 1179 1891 quae
1195 1811 1282 1874 huie

172 1898 305 1980 negotio
327 1893 414 1958 scitis
437 1915 505 1954 esse
534 1913 683 1975 congrua.
734 1893 783 1954 lta
812 1913 949 1976 namque
972 1892 1004 1952 in
1028 1893 1176 1954 omnibus
1199 1915 1283 1976 erga

170 2003 230 2043 nos
253 1989 326 2062 agat
355 1985 457 2038 vestra
480 1973 749 2038 immarcescibilis
771 1976 903 2052 caritas,
923 1973 1018 2036 sicuti
1039 1997 1098 2057 per
1118 1996 1174 2037 ros
1197 1997 1283 2038 nos-

170 2075 218 2125 tra
240 2061 379 2123 confidat
408 2057 607 2140 simplicitas.
664 2059 732 2118 Hoc
758 2057 879 2120 etenim
906 2056 1039 2117 almitati
1065 2067 1186 2119 vestrae
1215 2079 1283 2118 uo·

170 2156 240 2205 tum
272 2143 342 2206 fieri
376 2141 524 2202 volumus
554 2139 631 2222 quia
659 2140 799 2202 Domino
828 2148 936 2201 nostro
960 2139 1098 2222 glorioso
1127 2138 1284 2220 Angusto

170 2227 303 2287 iubente
325 2224 377 2284 die
398 2222 536 2286 XVllll.
558 2223 675 2284 mensis
700 2221 897 2304 praesentis,
927 2243 1009 2302 quae
1030 2221 1160 2282 eveniet
1183 2223 1284 2288 Xlll.

169 2308 242 2373 Kal.
281 2305 401 2382 Iulias,
438 2305 476 2365 ab
503 2305 648 2366 omuibus
668 2303 872 2387 suffraganeis
905 2304 1037 2381 nostris,
1067 2303 1135 2364 Deo
1165 2302 1285 2384 opitu-

170 2389 259 2449 lante
281 2387 460 2470 episcopale
482 2385 648 2465 officium,
677 2385 752 2447 licet
774 2386 942 2468 indignus,
965 2393 1169 2468 suscepturus
1183 2421 1285 2434 --

171 2491 231 2551 ego
253 2491 303 2530 me
327 2468 407 2529 huic
424 2468 515 2528 oneri
534 2467 639 2529 minus
661 2477 768 2550 aptum
790 2479 822 2530 et
842 2468 948 2529 adbuc
970 2466 1204 2551 episcopalibus
1229 2471 1285 2529 of·

169 2551 250 2612 ficiis
279 2549 370 2611 norit
404 2557 529 2631 oportet
559 2571 627 2611 esse
656 2550 809 2625 imbuam,
833 2550 970 2612 termino
999 2556 1114 2612 statuto
1144 2548 1285 2612 differre

76 2708 81 2715 Ι
168 2631 269 2694 volui.
311 2632 376 2692 Sed
400 2631 476 2713 quia
498 2631 639 2694 iussione
659 2632 823 2715 imperiale
846 2642 980 2716 urgente
1002 2653 1067 2693 non
1093 2630 1200 2706 valeo,
1228 2633 1284 2693 id-

166 2715 256 2776 circo
277 2720 416 2776 vestram
444 2715 644 2776 sanctitatem
664 2736 741 2796 rogo
771 2725 803 2776 et
822 2713 1035 2775 intentissima
1061 2731 1157 2792 prece
1181 2714 1285 2774 effla-

167 2799 247 2879 gito,
270 2811 307 2856 ut
325 2795 402 2856 licet
423 2797 510 2857 omni
530 2808 687 2880 tempore,
709 2796 844 2857 maxime
860 2818 961 2878 usque
974 2794 1169 2878 praedictam
1186 2795 1285 2856 diem

62 2931 68 2944 .
167 2902 227 2963 pro
250 2879 343 2940 nobis
368 2900 441 2940 eum
463 2878 609 2940 omnibus
630 2878 743 2940 restris
767 2877 897 2939 Domini
919 2875 1170 2938 misericordiam
1193 2898 1285 2937 exo-

168 2960 462 3042 rare-dignemini,
496 2969 531 3020 ut
556 2961 730 3042 impetratu
753 2969 858 3020 vestro
887 2960 903 3020 si
932 2959 1097 3042 gravidine
1125 2979 1286 3019 meorum

166 3043 361 3105 delictorum
382 3064 506 3104 merear
525 3041 660 3118 leviari,
689 3041 958 3126 etladuitentibns
977 3039 1174 3101 orationibus
1204 3040 1285 3122 dig-

165 3135 265 3187 netur
287 3125 368 3184 milsi
394 3125 551 3185 Dominus
572 3123 660 3186 lesus
688 3125 834 3186 Christus
856 3124 1056 3185 intellectum
1078 3143 1286 3204 sensumque

162 3208 321 3290 praebere
343 3207 484 3287 qualiter
510 3207 550 3266 ad
571 3207 758 3289 dignitatem
780 3205 862 3264 tanti
881 3204 1025 3284 honoris,
1048 3204 1194 3287 quamvis
1223 3205 1289 3266 im*

162 3289 311 3367 meritus,
331 3291 456 3352 numm
481 3297 700 3374 competenter
721 3287 884 3354 accedere.
