2734 4990
169 303 243 378 tao
630 317 822 374 soanums

169 466 219 528 ill.
239 463 302 524 hoc
329 467 378 523 est
403 478 529 519 mansos
552 465 667 536 tantos,
699 478 772 526 cunr
792 459 947 538 domibus,
969 460 1142 542 aedificiis,
1171 467 1276 528 curti-

168 547 260 624 feris,
282 566 355 610 curn
377 541 503 616 wadris,
524 539 628 620 terris,
650 539 751 619 silvis,
772 544 881 626 pratis,
899 545 1035 626 pascuis,
1058 545 1188 642 campis,
1208 570 1277 610 mo·

90 687 93 694 ,
167 627 287 691 bilibus
311 635 343 686 et
360 621 586 699 immobilibus,
608 623 776 705 mancipiis
793 625 912 688 ibidem
931 627 1205 691 commanentibus
1218 631 1275 692 vel

169 707 420 792 adspicientibus
442 705 493 766 his
514 705 699 764 nominibus
726 707 774 767 ill.
799 715 832 770 et
855 707 902 772 ill.
923 731 997 768 cum
1029 709 1118 770 omni
1142 710 1276 794 integri-

166 801 231 854 tate
255 789 305 854 vel
324 787 496 863 soliditate,
517 786 674 928 quicquid
704 787 825 850 ibidem
849 788 920 850 iure
950 789 1144 852 hereditario
1173 793 1214 855 ad
1238 815 1274 855 se

167 875 330 960 pertinere
350 869 487 933 videtur.
529 868 606 928 Simi
624 869 686 930 iter
705 871 773 932 risa
803 879 851 932 est
874 871 1010 933 reddere
1036 893 1119 934 uxor
1140 873 1187 934 ill.
1210 895 1275 936 no·

166 956 254 1018 mine
276 953 323 1014 ill.
342 953 484 1038 praelato
513 950 613 1032 iugali
633 971 691 1012 suo
713 953 843 1014 uomiue
873 953 938 1032 itt,
965 954 1004 1014 de
1033 956 1128 1016 rebus
1149 957 1215 1018 suis
1235 957 1273 1017 in

166 1060 248 1122 pago
277 1033 335 1096 illo
370 1034 403 1093 in
433 1034 505 1094 loco
536 1044 720 1113 nuncupato
749 1037 796 1102 ill.
824 1055 921 1116 snper
946 1034 1043 1097 lluvio
1069 1037 1117 1099 ill.
1145 1059 1273 1102 mansos

104 1184 108 1189 ,
165 1129 272 1182 tantos
297 1137 370 1177 cum
394 1115 551 1194 domibus,
573 1115 737 1196 aediliciis,
759 1115 933 1194 curtiferis,
956 1140 1029 1179 cum
1055 1120 1182 1197 wadris,
1203 1131 1274 1182 ter-

100 1224 117 1231 *
164 1203 221 1278 ris,
242 1210 306 1260 tam
334 1198 428 1258 cultis
451 1219 546 1280 quam
568 1197 710 1278 incultis,
733 1200 832 1278 silvis,
855 1199 984 1282 campis,
1004 1202 1115 1284 pratis,
1132 1204 1271 1286 pascuis,

168 1307 241 1345 cum
266 1281 361 1342 inviis
386 1289 418 1340 et
443 1279 564 1362 perviis
595 1301 723 1359 eorum,
754 1282 879 1364 integra
902 1282 1009 1342 omnia
1038 1293 1070 1344 et
1094 1305 1134 1344 ex
1163 1286 1271 1345 omni·

165 1367 243 1443 bus,
274 1362 430 1446 quicquid
453 1361 572 1423 ibidem
592 1365 729 1425 suafuit
747 1365 902 1448 possessio
922 1365 977 1424 vel
1001 1365 1187 1433 dominatio.
1217 1367 1271 1428 Si-

165 1449 286 1510 militer
314 1445 407 1506 etiam
442 1465 536 1506 omne
558 1444 752 1528 praesidium
777 1447 829 1509 vel
861 1445 1021 1507 elaborata
1048 1469 1159 1509 eorum
1184 1450 1271 1511 inter

165 1552 201 1592 se
228 1551 300 1612 pars
328 1526 411 1609 parti
435 1527 523 1589 visus
552 1537 600 1588 est
625 1527 755 1596 donare.
805 1527 844 1590 ln
869 1527 925 1588 tali
949 1549 1026 1590 vero
1060 1539 1193 1611 tenore,
1232 1541 1271 1593 ut

165 1611 310 1696 quisquis
332 1611 370 1670 de
389 1609 435 1671 eis
458 1608 527 1690 pari
546 1631 604 1671 suo
628 1609 661 1668 in
682 1610 745 1671 hoo
765 1611 875 1674 seculo
896 1620 1054 1692 superstes
1076 1613 1186 1694 fuerit,
1203 1635 1270 1675 om·

165 1715 223 1756 nes
243 1715 293 1755 res
314 1691 506 1774 quas'dedit
526 1701 557 1754 et
580 1713 658 1774 quas
680 1693 819 1776 accepit,
850 1692 884 1752 iu
915 1714 973 1754 suo
1001 1693 1071 1757 iure
1098 1705 1131 1758 et
1162 1696 1268 1758 domi·

165 1777 295 1838 natione
315 1773 459 1855 recipere
481 1773 605 1851 debeat,
627 1773 806 1856 habeatque
827 1775 973 1852 tenendi,
992 1775 1101 1858 dandi,
1121 1780 1268 1840 venden-

165 1857 210 1936 di,
232 1855 467 1934 commutandi,
488 1855 727 1940 heredibusque
751 1857 816 1919 suis
845 1857 885 1918 nd
910 1857 1140 1942 possidendum
1162 1860 1269 1922 relin-

166 1942 290 2022 quendi
307 1939 441 1999 liberam
461 1937 494 1996 in
520 1939 666 2000 omnibus
684 1947 884 2022 potestatem.
925 1941 1098 2020 Propterea
1115 1941 1172 2004 has
1189 1943 1267 2003 duas

165 2023 314 2104 epistolas
346 2020 510 2081 adfatimas
547 2042 611 2082 uno
644 2031 755 2082 tenore
787 2021 981 2104 conscriptas
1015 2023 1101 2085 inter
1132 2047 1165 2086 se
1196 2024 1267 2086 lieri

165 2105 218 2165 vel
248 2105 373 2165 firmare
400 2113 618 2185 rogaverunt,
655 2113 690 2163 ut
718 2103 828 2166 nullus
859 2103 997 2186 quilibet
1026 2103 1065 2166 dc
1094 2106 1266 2168 heredibus

164 2207 201 2246 no
228 2183 460 2268 proheredibus
481 2205 591 2246 corum
615 2185 698 2245 hanc
718 2185 951 2268 congruitatem
969 2186 1055 2246 inter
1075 2209 1128 2248 eos
1150 2189 1268 2250 factam

164 2269 235 2328 ullo
262 2289 404 2350 nuquam
424 2277 567 2348 tempore
589 2267 689 2350 possit
710 2268 910 2351 irrumpere,
940 2267 1002 2328 nisi
1025 2269 1144 2350 absque
1166 2271 1265 2332 ullius

165 2349 419 2411 contradictione
454 2350 540 2408 omui
571 2357 713 2430 tempore
739 2351 829 2410 firma
860 2359 891 2410 et
922 2349 1042 2412 stabilis
1072 2361 1265 2432 permaneat.

165 2433 262 2509 Quod
284 2432 309 2492 si
329 2430 450 2513 'aliquis
475 2431 517 2506 ,de
542 2430 715 2494 heredibus
735 2455 771 2494 ac
794 2431 1025 2528 proheredibus
1046 2453 1158 2493 eorum
1180 2435 1264 2496 hanc

165 2514 340 2575 cessionem
357 2512 546 2574 calumniari
571 2525 826 2596 praesumpserit,
848 2515 1032 2596 dupliciter,
1054 2527 1210 2596 qnantum
1226 2538 1264 2578 eo

164 2605 306 2678 tempore
325 2597 411 2679 ipsae
433 2595 656 2678 portiunculae
678 2597 841 2678 valuerint
862 2607 894 2668 et
917 2597 1050 2678 iusuper
1076 2598 1116 2657 ad
1141 2609 1266 2681 partem

164 2679 245 2756 fiscI,
268 2679 334 2739 auri
358 2677 469 2738 uncias
496 2687 609 2756 tantas,
631 2680 753 2761 argenti
776 2679 871 2739 libras
893 2687 993 2739 tantas
1015 2688 1142 2741 coactus
1163 2681 1265 2742 exsol-

125 2765 126 2770 ’
163 2769 236 2835 vat,
258 2771 290 2821 et
339 2760 402 2821 uod
428 2759 546 2841 repetit
566 2759 693 2820 nullum
722 2761 866 2824 obtineat
892 2760 1055 2836 effectum,
1077 2761 1155 2841 sed,
1181 2761 1266 2824 sicut

163 2783 394 2924 diximusqbae
420 2842 572 2922 epistolae
593 2852 657 2902 tam
677 2843 695 2902 d
716 2844 807 2904 nobis
831 2865 926 2924 quam
951 2843 989 2902 ah
1010 2840 1081 2902 aliis
1104 2843 1265 2906 bonorum

163 2923 331 2985 homiuum
352 2923 498 2985 manibus
522 2924 701 3004 roboratae,
724 2925 812 2986 omni
836 2933 977 3005 tempore
1003 2923 1112 2987 firmae
1140 2937 1173 2989 et
1199 2936 1264 2988 sta-

160 3006 241 3069 biles
258 3014 476 3094 permaneant,
490 3005 696 3090 stipulatione
709 3006 905 3090 interposita.
925 3005 1050 3067 Actum.
1070 3007 1112 3068 Et
1127 3007 1264 3092 reliqua.

343 3109 345 3114 ’
387 3113 581 3176 obnoxiatio
609 3115 741 3197 dpatre
769 3114 803 3173 in
823 3111 909 3184 filios
928 3110 1031 3194 facta.

172 3247 176 3256 ·
240 3228 293 3290 Ll.
334 3228 534 3291 Dulcissimis
552 3229 627 3290 filiis
647 3228 725 3291 meis
748 3229 823 3294 illis.
864 3227 1022 3290 Omnibus
1043 3246 1109 3288 nou
1125 3226 1263 3290 habetur

158 3311 360 3396 incognitum
380 3311 520 3394 qualiter
547 3321 620 3373 ante
642 3311 701 3374 hos
723 3331 824 3372 annos
847 3320 906 3377 etc.
927 3323 961 3372 ut
981 3331 1077 3396 snpra
1093 3332 1166 3395 pag.
1189 3313 1261 3374 320.

373 3425 512 3485 Donatio
534 3444 625 3504 qnam
644 3439 737 3508 pater
761 3423 861 3486 donat
872 3425 950 3510 filio
973 3447 1039 3494 sno.

237 3539 305 3599 LlI.
345 3537 538 3599 Dulcissimo
560 3546 655 3620 atque
677 3539 891 3601 amantissimo
917 3539 984 3600 lilio
1014 3559 1086 3600 meo
1112 3538 1179 3618 illi,
1201 3561 1261 3624 ego

158 3621 214 3682 ille
238 3621 365 3703 genitor
384 3631 468 3682 tuus.
508 3622 594 3680 Dum
615 3629 647 3680 et
667 3642 726 3702 ego
748 3631 806 3686 etc.
829 3633 863 3681 nt
884 3641 978 3703 supra
995 3641 1068 3704 pag.
1087 3623 1161 3698 405.

468 3731 543 3794 Atta
562 3732 690 3794 donatio
713 3733 753 3794 de
775 3735 884 3794 endem
904 3754 949 3800 re.

218 3834 326 3910 ἸΙᾸΙΙ.
365 3849 434 3930 Ego
453 3847 487 3907 in
509 3847 572 3908 Dei
597 3849 727 3910 nomine
746 3847 812 3912 illc.
853 3848 970 3910 Amore
998 3824 1130 3910 Domini
1158 3849 1261 3911 nostri

158 3934 229 3997 lesu
252 3930 382 4008 Christi,
406 3931 582 3993 utveniam
602 3929 728 3992 delictis
741 3931 819 3992 meis
841 3939 900 3992 etc.
923 3944 956 3991 nt
976 3951 1081 4016 snpra.
1098 3952 1168 4016 pag.
1188 3933 1260 4009 dod„

178 4047 293 4108 Charta
311 4067 380 4108 cum
401 4048 435 4107 in
455 4045 716 4130 locnmfiliornm
737 4060 864 4128 nepotes
888 4049 1091 4107 instituuntur
1109 4046 1147 4106 ab
1167 4067 1235 4107 avo.

238 4163 322 4224 LlV.
365 4162 564 4224 Dulcissimis
585 4161 757 4244 nepotibus
780 4161 857 4222 meis
882 4161 969 4238 illis,
988 4183 1046 4243 ego
1072 4161 1136 4227 ille.
1161 4161 1259 4240 Quic-

157 4247 236 4330 quid
258 4246 331 4306 tiliis
358 4244 599 4328 vcl‘nepotibus
625 4254 682 4328 etc.
706 4257 852 4329 utlsnpra
871 4264 944 4327 pag.
968 4245 1039 4326 584.
