2734 4990
180 241 253 326 ,468
632 261 826 318 renuunt

179 404 325 472 dominio
357 402 512 488 praelapsi
539 411 615 466 sunt
647 401 824 470 advenisse.
866 399 943 467 ldeo
967 403 1188 488 supplicamus
1215 405 1282 467 cle·

178 488 318 566 mantiae
339 495 462 550 vestrae
484 496 519 548 ut
543 485 705 568 quomodo
733 482 792 546 iste
811 485 926 549 Missus
948 497 1058 550 noster
1082 507 1205 549 nomen
1227 488 1282 548 ille

175 571 257 634 baec
279 576 387 632 nostr‘n
406 567 666 652 suggestiuncula
695 567 786 628 vobis
813 566 982 646 detulerit,
1009 569 1093 632 sicut
1118 580 1229 632 vestra
1252 569 1281 630 in

175 651 323 718 omnibus
351 651 436 712 bona
461 673 534 732 erga
557 672 613 710 nos
631 659 679 713 est
707 651 927 729 consuetudo,
958 651 1043 714 inter
1064 673 1122 713 nos
1148 673 1211 713 seu
1233 672 1282 711 er-

176 757 218 818 ga
236 755 331 797 omne
358 743 465 796 nostra
482 731 608 795 iusticia
631 731 796 814 inquirere
817 733 962 810 iubentis,
980 732 1120 816 qualiter
1141 754 1284 816 congre-

175 817 261 900 gatio
283 825 390 879 nostra
411 816 613 878 obsecrantes
626 815 697 875 Deo
718 822 858 878 oratores
873 824 993 879 vestms
1008 816 1123 878 melius
1144 813 1211 879 Dei
1227 809 1283 877 mi·
1340 847 1341 852 κ

174 898 382 965 sericordinns
404 918 464 982 pro
494 893 583 962 robis
608 895 741 960 dilectet
763 897 943 982 implorare.

627 1001 710 1064 Item
739 1002 813 1068 alio.

165 1129 169 1136 ⁴
254 1115 329 1187 XX.
368 1115 646 1182 Domino'saneto
669 1115 844 1180 ac'sanctis
867 1118 1059 1182 ceremoniis
1086 1118 1280 1182 observante

173 1205 302 1268 Domno
330 1199 389 1262 illo
410 1211 442 1263 et
467 1201 500 1260 in
531 1199 660 1262 Christo
680 1208 777 1284 patre
796 1221 858 1284 ego
879 1201 934 1262 ille
965 1202 1102 1263 salutem
1129 1201 1225 1264 vobis
1245 1203 1278 1261 in

172 1285 312 1349 Domino
340 1304 404 1343 una
430 1305 505 1346 cum
531 1281 617 1343 omni
650 1285 897 1366 congregatione
932 1283 1068 1345 fratrum
1095 1293 1277 1345 nostrorum

170 1365 389 1454 plenissimam
415 1363 555 1448 dirigere
590 1363 819 1446 praesumimus
845 1373 910 1426 um
939 1365 1030 1428 robis
1056 1387 1155 1448 qnam
1189 1367 1282 1428 scili-.

171 1458 225 1513 cet
245 1448 535 1531 congregationem
565 1455 713 1521 nestram,
743 1467 843 1530 'qnam
871 1448 1029 1510 Dominus
1065 1448 1125 1511 sub
1163 1470 1277 1509 norme

171 1540 300 1594 sanctae
320 1531 452 1612 regulae
473 1529 514 1591 nal
534 1529 768 1611 protegendum
787 1529 820 1590 in
842 1549 941 1592 manu
961 1530 1056 1595 misit.
1103 1530 1276 1614 Supplica-

170 1635 242 1677 mus
269 1611 432 1674 caritatem
458 1620 492 1672 et
516 1610 750 1674 fraternitatem
776 1621 912 1676 vestram
941 1623 977 1674 ut
1005 1613 1091 1674 inter
1124 1634 1186 1674 nos
1221 1635 1276 1675 seu
1340 1665 1341 1674 ,

168 1693 334 1774 bisanchis
356 1692 472 1772 nostris
502 1693 664 1754 orationes
693 1693 874 1777 peculiares
906 1716 974 1757 esse
1003 1695 1169 1757 debeant:
1202 1695 1277 1778 qnia

168 1777 315 1863 quamvis
341 1775 375 1837 in
407 1775 507 1860 spatia
535 1781 694 1835 terrarum
727 1776 824 1838 distet
848 1774 1022 1860 corporalis
1054 1785 1165 1842 nostra
1186 1771 1275 1840 ¹eon·

167 1857 319 1939 versatio‚
341 1857 409 1946 sed,
438 1865 474 1918 ut
496 1857 580 1918 bene
609 1855 719 1934 nostis,
742 1879 807 1919 non
829 1867 978 1940 separant
994 1859 1097 1941 spatia
1117 1866 1276 1920 terrarum

169 1964 250 2026 quos
277 1941 377 2004 sociat
401 1939 514 2002 caritas
535 1960 624 2001 vera:
655 1939 731 2019 quia
760 1940 788 2002 si
809 1961 893 2002 unus
918 1939 952 2000 in
982 1943 1107 2002 oriente
1137 1950 1170 2002 et
1194 1943 1274 2002 alius

168 2025 204 2085 in
226 2024 393 2087 occidente
417 2022 588 2099 consistat,
610 2021 702 2082 ambo
722 2022 843 2104 pariter
863 2023 985 2085 orando
1009 2023 1149 2086 Domino
1170 2021 1208 2084 iu
1225 2045 1273 2086 en·

169 2105 263 2170 ritate
283 2105 495 2190 glutinantur.
517 2101 761 2187 'supplicamns
782 2104 887 2166 etiam.

478 2265 491 2287 ,Ι
592 2276 596 2286 ,
647 2215 729 2276 Item
750 2211 824 2280 alio.

133 2309 135 2316 ’
251 2311 347 2382 ΧΧΙζ
386 2315 528 2380 Domino
554 2315 668 2383 inolito
688 2311 843 2400 fidelique
862 2319 934 2382 Deo
954 2330 1052 2407 atque
1072 2331 1181 2414 regale
1203 2355 1273 2417 gn.

170 2399 218 2464 tia
237 2398 415 2462 sublimato,
434 2397 574 2480 utqueb·
596 2397 694 2464 nobis
711 2401 921 2472 ueneratione
949 2415 982 2468 et
1006 2429 1114 2474 amore
1134 2415 1274 2482 colendo

173 2483 309 2544 inlustre
330 2480 401 2542 viro
421 2481 481 2540 illo
506 2479 747 2558 optimatealto
767 2483 936 2546 maximam
954 2490 1090 2556 salutern
1110 2505 1143 2562 at
1167 2497 1274 2560 invio.

172 2564 304 2627 labilem
325 2561 422 2645 cupio
445 2564 477 2623 e't
502 2561 590 2623 vobis
610 2563 841 2644 praesumimus
859 2566 1041 2644 {destinare
1091 2579 1140 2639 De
1165 2591 1273 2642 caete·

171 2655 246 2708 rum
267 2643 441 2727 comperiat
465 2643 619 2705 industria
634 2645 756 2706 uestra*
773 2667 811 2708 eo
840 2649 928 2731 quod
950 2660 983 2712 et
1011 2665 1118 2718 aetera
1139 2661 1273 2742 gandeat

171 2723 349 2809 florentque
369 2746 430 2808 per
448 2731 592 2807 tempora
620 2725 782 2790 nobilitas
796 2739 919 2808 veum,
940 2742 973 2794 et
991 2740 1186 2823 quandoque
1215 2752 1273 2806 ter.

171 2827 252 2896 rena
270 2806 430 2892 linquitis,
452 2807 641 2870 caelestibus
657 2809 1004 2895 mereatisagminibus
1025 2820 1215 2903 glomerare.
1239 2889 1242 2896 .

186 3006 189 3015 Ι
626 2937 709 3020 Item
740 2939 814 3005 alio.

195 3077 199 3088 ·
254 3049 361 3114 XXll.
401 3047 540 3114 Domino
563 3057 595 3112 et
623 3048 657 3110 in
679 3047 808 3114 Christo
826 3051 911 3132 patri
931 3059 1105 3138 apostolica
1124 3061 1202 3122 sede
1224 3085 1273 3126 co.

172 3133 272 3198 leudo
295 3136 422 3196 Domno
444 3131 503 3194 illo
533 3129 589 3192 ille
618 3129 768 3211 proprius
795 3137 986 3202 vernaculus
1010 3151 1115 3204 vester
1137 3145 1271 3206 sulutem

172 3217 263 3281 vobis
280 3216 317 3275 in
334 3212 472 3278 Domino
490 3211 712 3274 multimodam
730 3212 891 3280 destinare
910 3223 1149 3299 praesumimus.
1193 3227 1272 3308 Cog-

174 3307 298 3374 uuaeat,
318 3299 455 3372 Damna,
480 3294 628 3358 sanctitas
649 3304 752 3356 restra
774 3297 862 3376 quod
876 3301 1020 3365 serviens
1046 3314 1153 3368 vester
1174 3313 1273 3372 nomi.

175 3402 219 3442 ne
241 3381 299 3440 illo
329 3378 370 3442 ad
400 3397 459 3442 noe
484 3375 575 3440 teuit
607 3384 645 3440 et,
671 3375 753 3438 dixit
777 3397 811 3444 se
843 3380 1046 3464 neglegentia
1074 3397 1187 3452 contra
1218 3415 1270 3454 vos

173 3461 304 3532 babere,
320 3459 382 3542 p'ro
404 3479 467 3540 qna
497 3457 629 3553 gratiam
658 3468 795 3520 vestram
826 3481 892 3524 non
927 3463 1051 3528 habeat.
1098 3474 1272 3554 Propterea
1338 3469 1339 3476 ’

173 3543 402 3627 supplicemus,
424 3559 515 3622 quasa
536 3538 581 3600 ud
605 3560 755 3622 praesens
775 3561 885 3622 ¹genua
913 3557 1013 3608 vestra
1037 3549 1269 3634 deosculantes,

174 3634 213 3688 ut
232 3623 411 3708 ipsenpud.
426 3641 483 3690 vos
508 3630 676 3696 excusatus
701 3621 743 3684 sit
765 3632 798 3684 et
822 3645 895 3686 enm
914 3649 974 3710 per
997 3646 1136 3694 nostram
1158 3660 1270 3720 preca-

171 3707 297 3769 tionem
325 3704 469 3787 recipere
502 3712 535 3762 et
558 3701 730 3764 consilinm
755 3704 786 3767 ei
813 3707 918 3769 facere
954 3711 1118 3782 ordinetis.
1170 3720 1269 3802 Agat,

170 3790 309 3864 Domne‚
330 3785 478 3848 sanctitas
504 3794 609 3848 vestra
631 3785 718 3845 siout
735 3803 869 3870 'semper
890 3810 965 3872 erga
983 3799 1173 3862 nonfacere
1191 3823 1269 3864 oon-

169 3870 343 3937 sue'vistio
369 3869 490 3934 Sanum
510 3875 543 3930 ct
562 3866 757 3933 incolomem
785 3891 841 3932 vos
856 3871 956 3946 eitius
983 3896 1107 3942 merear
1128 3883 1250 3946 videre.

638 3976 720 4034 Item
740 3973 815 4040 alia
860 3999 862 4002 ·

245 4089 380 4178 ΧΧῌῙζ
419 4087 559 4160 Domino
580 4086 729 4176 almifico,
758 4089 967 4155 excellentiae
995 4093 1111 4159 decore
1143 4111 1266 4182 ornato,

162 4173 416 4264 scabentisaimo,
444 4170 632 4255 meritisque
660 4171 864 4253 venerando,
890 4175 1069 4272 amabiliter
1090 4179 1265 4270 diligendo,
