2676 4976
179 291 251 368 528
277 316 279 324 ¹
642 303 832 360 rounmre

177 439 449 538 quemadmodum
463 446 549 506 oculi
568 446 601 506 in
618 445 833 527 sapientibus,
856 449 913 529 qui
932 466 1039 510 veram
1053 451 1149 510 lucem
1163 461 1248 535 otper-

177 535 299 619 cipiant
322 541 353 593 et
380 528 564 590 insinuent:
587 550 621 590 os
650 529 684 587 in
711 530 924 608 Doctorihus,
955 532 1038 592 auris
1063 532 1093 590 in
1116 533 1249 598 benevolis

177 616 397 690 auditoribus,
428 634 522 672 nasus
548 612 581 670 in
603 611 806 673 discretionis
830 613 1037 691 amatoribus,
1059 637 1160 674 manus
1180 617 1207 674 in
1223 641 1248 678 o·

170 699 396 784 'peratoribus,
419 697 515 775 pedes
536 693 568 752 in
590 693 883 775 proficiscentibus,
907 705 1020 755 venter
1038 697 1068 754 iu
1087 700 1249 780 compatien-

175 784 282 856 tibus,
304 780 432 839 bumeri
452 777 485 835 in
507 777 652 836 laborum
674 777 916 854 toleratoribus,
940 787 972 838 et
987 788 1108 838 caetera
1128 781 1157 838 iu
1174 793 1250 842 caete·

174 866 241 941 ris,
265 874 299 921 ut
326 881 390 921 non
414 860 456 920 sit
480 858 615 919 schisma
643 859 676 916 in
702 881 852 942 corpore;
876 861 933 920 sed
955 861 981 922 si
1007 861 1154 942 gloriatur
1174 885 1250 922 unum

175 947 377 1020 membrum,
408 942 631 1023 congaudeant
659 942 766 1000 omnia
795 942 959 1013 mernbra5
992 944 1129 1004 tristatur
1154 967 1249 1022 unum,

176 1040 293 1092 cuncta
309 1026 513 1088 condoleant.
556 1025 618 1083 Ista
645 1024 872 1084 convenientia
888 1046 925 1102 eo
946 1047 1048 1108 usque
1073 1027 1250 1104 tenendaest,

176 1113 281 1174 donec
309 1129 497 1170 occuramus
524 1127 634 1166 omnes
659 1106 693 1165 in
721 1107 828 1167 virum
851 1107 1051 1190 perfectum,
1082 1118 1115 1169 ut
1133 1108 1170 1170 sit
1186 1111 1250 1171 Deus

176 1194 284 1256 omnia
306 1190 340 1250 in
357 1189 521 1265 omnibus,
543 1188 657 1248 Amen.
1005 1207 1010 1216 ⁴

257 1274 373 1338 1V.1n
410 1273 540 1330 nomine
575 1272 709 1330 Sanctae
739 1280 772 1331 et
804 1271 991 1333 individuae
1019 1271 1189 1339 Trinitatis.
1221 1276 1248 1336 lb
1292 1281 1297 1291 “

174 1354 293 1419 Divina
309 1356 438 1416 favente
460 1353 557 1430 gratia
579 1354 763 1435 imperator.
794 1355 917 1414 Notum
936 1355 977 1415 sit
994 1354 1138 1415 omnibus
1152 1344 1249 1417 sanciae

173 1439 236 1500 Dei
254 1437 419 1499 Ecclesiae
442 1435 626 1512 Fidelihus,
650 1436 847 1517 nostrisque,
870 1437 1091 1518 praesentibus
1110 1439 1215 1499 scilicet
1228 1449 1249 1499 et

173 1520 313 1598 suturis,
336 1518 477 1602 qualiter
499 1517 628 1577 Fideles
651 1517 770 1595 nostri,
794 1518 845 1577 illi
866 1529 899 1580 et
918 1520 969 1579 illi
993 1521 1185 1582 tradiderunt
1203 1521 1248 1580 dno

173 1603 334 1684 mancipia
354 1623 409 1662 sua
435 1600 564 1682 propria
584 1600 621 1664 N.
642 1599 682 1659 ad
708 1602 936 1662 monasterium
956 1623 1078 1664 novum
1100 1603 1250 1682 puellarum

173 1684 207 1745 in
223 1685 331 1745 Brixia
352 1705 410 1766 per
421 1704 533 1742 manus
547 1682 705 1742 Advocati
727 1683 868 1743 eiusdem
890 1685 1076 1746 Monasterii
1093 1686 1129 1746 N.
1148 1695 1176 1746 et
1192 1706 1249 1745 con·

174 1766 416 1828 cambiaverunt
433 1765 508 1824 iude
532 1765 703 1846 quemdam
726 1787 854 1825 servum
870 1766 907 1825 N.
926 1775 960 1826 ut
977 1788 1052 1827 eum
1071 1767 1110 1826 oh
1126 1766 1248 1827 mercedis

173 1860 300 1910 nostrae
324 1855 531 1930 augmentum
555 1845 693 1906 liberum
716 1847 957 1908 dimitteremus.
998 1850 1063 1910 Nos
1088 1871 1159 1910 vero
1177 1870 1249 1908 mauu

171 1932 312 2017 propria¹
324 1940 432 1994 nostra
448 1927 647 1990 excutientes
666 1929 704 1989 de
724 1951 820 1990 manu
839 1951 934 2011 supra
950 1929 1029 1990 dicti
1045 1932 1082 1993 N.
1102 1931 1249 2006 denarium,

173 2025 207 2076 et
226 2034 396 2074 numerum
418 2021 450 2072 et
467 2021 635 2093 argentum
655 2019 686 2072 et
704 2033 837 2072 aureum
858 2021 890 2071 et
914 2011 1093 2094 dragmam,
1115 2023 1144 2073 et
1161 2024 1250 2074 sester-

172 2098 255 2157 tium
266 2141 275 2173 ,
298 2107 329 2156 et
349 2096 489 2170 minam,
512 2094 689 2153 secundum
712 2092 813 2174 legem
830 2093 966 2154 Salicem
988 2117 1062 2155 eum
1074 2095 1200 2155 liberum
1215 2094 1252 2154 di-

172 2179 333 2256 misimus,
357 2187 388 2237 et
406 2177 445 2236 ah
462 2177 549 2235 omni
566 2177 641 2257 iugo
660 2176 823 2237 servitutis
840 2177 1052 2255 absolvimus,
1076 2179 1196 2258 eiusque
1210 2177 1250 2234 ah·

172 2260 368 2324 solutionem
386 2280 445 2342 per
462 2267 663 2339 praesentem
681 2256 904 2318 authoritatem
926 2268 1069 2320 nostram
1086 2257 1251 2321 confirmavi·

172 2366 261 2419 mus,
283 2349 380 2422 atque
411 2340 526 2401 nostris
552 2349 585 2401 et
610 2341 728 2402 futuris
753 2341 949 2422 temporibus
976 2341 1111 2404 firmiter
1136 2353 1251 2422 etquam

172 2423 407 2487 inviolabiliter
432 2443 612 2482 mansuram
635 2443 703 2484 esse
736 2423 894 2489 volumus.
935 2425 1171 2508 Praecipientes
1195 2443 1251 2502 ergo

171 2506 401 2590 praecipimus,
424 2512 460 2563 ut
481 2504 563 2564 sicut
578 2505 697 2585 reliqui
717 2505 917 2583 manumissi,
939 2507 996 2586 qui
1023 2529 1082 2589 per
1096 2505 1251 2566 huiusmodi

170 2589 304 2649 titulum
328 2587 508 2648 absolutum
536 2609 553 2646 a
580 2587 718 2668 Regibus
748 2597 780 2648 et
806 2589 1057 2670 Imperatorihus
1082 2592 1251 2650 Francorum

172 2678 352 2733 noscuntur
372 2690 439 2730 esse
461 2668 594 2750 ingenui
618 2670 773 2747 relaxati,
796 2670 838 2728 ita
860 2669 1012 2752 deinceps
1034 2680 1210 2733 memoratus
1224 2669 1250 2731 N.

170 2775 232 2837 per
253 2754 316 2812 hoc
340 2759 466 2814 nostrae
490 2750 688 2812 authoritatis
709 2761 914 2834 praeceptum
943 2755 1036 2816 nullo
1061 2753 1249 2835 inquietante,

171 2837 229 2898 sed
247 2835 387 2895 Domino
405 2832 601 2911 auxiliante,
624 2833 788 2916 perpetuis
811 2835 1006 2916 temporibus
1025 2838 1137 2898 debeat
1155 2855 1251 2916 perma-

170 2940 250 2980 nere
276 2917 437 3000 ingenuus
462 2926 556 2998 atque
577 2937 718 2977 securus.
759 2917 800 2976 Et
824 2925 859 2976 ut
890 2916 970 2977 haec
991 2919 1158 2980 auctoritas
1179 2915 1249 2975 abso·

169 3000 307 3063 lotionis
335 3009 459 3059 nostrae
486 2999 738 3079 incorruptivam
765 2999 906 3058 obtineat
932 2999 1131 3077 firmitatem,
1159 2994 1250 3058 annuli

168 3083 272 3146 nostri
292 3079 499 3163 impressione
515 3081 709 3163 subsigillari
727 3102 796 3140 eam
817 3081 976 3144 iussimus.
1017 3087 1099 3146 Data
1113 3082 1251 3145 Vlll.Ka·

168 3167 258 3230 lend.
285 3164 360 3224 lulii
393 3185 478 3223 anno
505 3165 628 3245 quinto.
670 3173 878 3244 permortem
907 3163 1004 3246 patris
1032 3167 1083 3227 sni
1106 3159 1250 3224 Hludovici

169 3249 204 3308 in
223 3247 378 3322 Francia,
401 3245 612 3323 Alamannia,
635 3247 778 3307 secundo
803 3246 896 3327 regni
917 3248 985 3308 eius
1008 3249 1042 3308 in
1070 3243 1248 3328 Burgundio,

167 3329 394 3413 Imperatoriae
411 3348 487 3388 vero
507 3328 669 3409 dignitatis
689 3338 720 3388 et
738 3327 940 3409 Apostolicae
957 3328 1186 3394 benedictionis
1202 3325 1250 3404 pri·

167 3435 231 3474 mo.
272 3413 341 3494 Ego
367 3411 403 3470 N.
423 3411 571 3470 Notarius
591 3419 622 3471 et
644 3418 797 3494 exceptor
816 3411 855 3472 ad
876 3411 980 3476 vicem
992 3414 1030 3474 N.
1050 3413 1134 3490 (sic)
1153 3407 1249 3471 hrchi·

167 3492 391 3558 mentariensis
410 3513 567 3573 recogno.
607 3493 696 3553 Feci.

251 3578 291 3636 V.
313 3576 349 3634 ln
375 3574 505 3633 nomine
523 3575 654 3634 Domini
680 3583 712 3636 et
738 3574 911 3637 Salvatoris
934 3575 1036 3637 nostri
1061 3577 1132 3640 lesu
1150 3570 1249 3637 Christi

166 3659 208 3719 K.
233 3658 353 3718 Divina
383 3657 551 3716 ordinante
581 3657 782 3737 providentia
809 3657 1023 3738 triumphator
1044 3669 1076 3719 et
1101 3662 1250 3742 imperator

110 3777 114 3780 -
165 3743 351 3822 Augustus,
372 3737 517 3799 omnihus
533 3740 710 3801 Comitihus
722 3740 864 3822 partibus
880 3740 1090 3803 Alemanniae
1098 3788 1110 3815 ‚
1125 3765 1179 3806 seu
1195 3758 1240 3799 suc

166 3823 346 3884 cessorihus
371 3831 467 3902 atque
491 3821 672 3882 iunioribus
689 3822 803 3884 vestrIs
823 3831 856 3883 et
878 3823 1025 3884 omnibus
1044 3823 1187 3886 fidelibus
1202 3841 1249 3879 no·

166 3906 258 3983 stris,
293 3914 405 3966 notum
431 3903 479 3968 sit.
521 3904 605 3979 Quia
634 3904 755 3986 placuit
782 3904 874 3966 nohis
899 3926 958 3988 pro
982 3908 1124 3969 remedio
1145 3905 1248 3966 animae

167 3998 296 4050 nostrae
314 3997 346 4049 et
365 3996 512 4046 aeternae
535 3987 755 4046 retributionis
775 3988 901 4063 fructu,
924 3989 1123 4050 Monasterio
1133 3999 1163 4050 et
1172 3983 1249 4068 Epis·

167 4071 262 4153 copio
285 4073 321 4132 N.
341 4069 391 4129 illi
413 4079 445 4129 et
473 4067 523 4126 illi
550 4070 637 4148 quod
662 4067 758 4128 situm
781 4077 829 4130 est
854 4069 887 4128 in
912 4091 993 4152 pago
1012 4071 1049 4132 N.
1070 4073 1126 4132 ubi
1146 4069 1206 4144 illi,
1224 4073 1249 4124 et

165 4155 223 4213 ille
240 4150 434 4216 venerabilis
449 4151 553 4211 Abbas
570 4160 602 4211 et
614 4151 790 4234 Episcopus
806 4161 947 4235 praeest,
970 4161 1002 4214 et
1016 4146 1246 4236 Congregationi

166 4235 266 4318 ipsius
287 4233 471 4297 Monasterii
491 4233 661 4315 quemdam
682 4254 814 4297 censum
838 4233 977 4318 desuper
1002 4235 1129 4322 scriptis
1150 4236 1245 4297 blana-
