2734 4990
502 344 753 401 trivuuueusus
1109 325 1182 397 489

93 505 230 566 cumque
247 464 439 568 perdiciones
456 490 577 544 nostras
606 483 646 546 de
673 503 768 566 supra
791 485 906 565 scripta
929 504 987 564 per
1007 493 1108 546 vestra
1132 486 1185 546 ad·

94 567 269 634 firmatione
290 566 364 627 iusta
385 566 556 630 auctoritas
589 567 731 634 remedia
759 575 993 647 consequatur,
1021 576 1057 626 ιιι
1078 576 1184 630 nostra

96 651 223 712 firmitas
243 648 342 729 legum
368 647 538 712 auctoritas
564 657 720 712 revocent
741 647 774 709 iu
796 646 1048 732 propiuqaietas.

578 775 682 842 Gesta.

176 893 256 954 Unde
276 913 335 974 ego
363 901 394 954 te
419 891 471 954 vir
490 889 662 972 laudabilis
685 888 756 952 illu.
779 890 946 956 defensore
968 914 1039 956 meo
1056 917 1184 958 necnon

101 985 132 1036 et
156 997 205 1038 vos
227 974 440 1058 honoratique
472 981 573 1036 cartas
606 971 752 1056 publicas
778 972 870 1056 agitis
901 975 1027 1038 assidue
1060 987 1186 1061 oportet

101 1079 146 1119 me
164 1057 260 1119 euriae
283 1056 318 1116 in
342 1057 405 1118 hoc
429 1055 736 1133 contestatiuncula,
756 1076 815 1117 scu
834 1055 1014 1138 planetaria
1040 1081 1099 1144 per
1123 1061 1184 1122 tri-

100 1141 185 1200 duum
207 1139 351 1222 partibus
371 1137 450 1200 foris
474 1138 635 1220 pupblicis
660 1159 777 1233 apeusa
798 1139 912 1203 vestris
940 1141 1184 1225 subscriptioni-

96 1222 147 1282 bas
170 1222 217 1283 vel
243 1221 421 1304 signaculis
448 1221 558 1283 subter
585 1219 708 1282 faciatis
737 1219 924 1302 adfirmare,
955 1231 991 1285 ut
1021 1224 1183 1306 quomodo

94 1303 162 1363 mibi
183 1305 401 1365 necessarium
420 1303 520 1364 fuerit
543 1303 683 1364 causella
702 1323 774 1364 mea
798 1303 909 1364 autin
932 1308 1109 1388 praesentia
1130 1307 1185 1369 do·

91 1384 318 1448 minorum-vel
346 1384 507 1448 iudicibus
530 1384 782 1447 adversariorum
805 1406 949 1447 meorum
974 1385 1130 1452 revoc'ent
1149 1389 1184 1449 in

88 1467 281 1549 proqaie'tas‚
305 1489 366 1551 per
390 1467 518 1548 hocque
540 1477 652 1530 contra
684 1467 768 1530 hauc
794 1471 1099 1546 contestatiuncula,
1125 1490 1184 1533 seu

85 1549 258 1630 planetaria
282 1550 447 1633 deponere
477 1549 725 1632 percuravimus,
760 1559 797 1610 ut
814 1550 944 1633 quando
966 1551 1133 1614 volueritis
1152 1561 1186 1614 et

86 1631 255 1692 malueritis
282 1634 339 1694 vel
360 1631 440 1692 mihi
468 1629 683 1693 neceesarium
702 1631 821 1710 fuerit,
849 1642 884 1693 ut
909 1654 976 1694 mos
1000 1641 1059 1712 est,
1088 1635 1183 1716 gestia

86 1713 331 1798 municipalibus
353 1735 421 1776 euna
449 1713 571 1776 faciatis
594 1714 743 1798 ablegare
761 1735 835 1777 cum
856 1714 1029 1797 petitiones
1051 1724 1184 1793 nostras,

85 1796 227 1859 maximas
253 1797 348 1858 robis
367 1816 407 1858 cx
428 1795 490 1858 boc
514 1795 634 1888 gratias
650 1816 743 1882 agere
764 1796 933 1863 valeamus.

552 1928 716 1996 Mandata

160 2045 237 2108 Mox
259 2047 406 2108 iniunxit
427 2046 570 2127 antiqua,
596 2045 795 2129 principium
820 2047 890 2109 iura
913 2045 1041 2108 decreta
1067 2063 1183 2108 sanxe-

86 2134 158 2186 runt
177 2139 214 2189 ut
242 2127 403 2210 quicquid
431 2149 539 2190 causas
562 2149 623 2212 per
649 2129 814 2212 inpigritia
844 2151 958 2191 census
983 2137 1037 2190 aut
1061 2129 1184 2190 femina

85 2231 184 2287 sexus,
204 2211 260 2273 vel
284 2211 599 2294 co‘rporamentisque
621 2211 804 2294 fragilitatis
822 2233 874 2274 res
895 2231 967 2272 suns
987 2231 1187 2293 suorumque

86 2313 208 2353 suarum
235 2293 415 2376 gubernare
435 2293 566 2354 minime
583 2293 682 2376 possit
707 2315 783 2356 eura
802 2295 980 2356 electorum
995 2297 1185 2376 permittun-

86 2382 143 2439 tur.
180 2377 250 2458 Ego
283 2376 340 2438 illa
365 2375 485 2436 femina
511 2375 735 2438 dilectissimus
755 2375 840 2438 filius
863 2397 952 2438 meus
979 2376 1067 2438 illius
1092 2386 1124 2438 et
1146 2376 1185 2436 il·

88 2455 156 2534 lius,
175 2479 256 2540 rogo
276 2468 309 2519 et
335 2457 471 2540 iniungo
488 2457 538 2518 rel
555 2457 701 2540 supplico
723 2458 836 2529 gratias
853 2467 981 2536 vestras,
1003 2469 1041 2519 ut
1066 2459 1105 2520 de
1120 2481 1188 2521 om·

90 2539 134 2598 nis
152 2561 260 2601 causas
280 2561 364 2601 meas
385 2541 438 2602 vel
457 2539 593 2622 negotiis
606 2541 696 2618 meis,
717 2541 770 2602 vel
786 2539 942 2624 quicquid
962 2542 1002 2604 de
1019 2541 1112 2603 alode
1126 2563 1185 2623 pa·

88 2633 248 2681 tentorum
271 2643 415 2683 meorum
440 2631 495 2681 aut
515 2622 554 2682 de
575 2632 694 2684 atracto
720 2633 774 2684 aut
793 2625 878 2684 unde
895 2645 982 2684 meae
1004 2624 1186 2686 consotiuur

89 2705 231 2785 suppetit,
254 2714 310 2764 aut
340 2705 491 2766 adversus
510 2725 560 2765 me
584 2705 748 2766 altercatio
767 2716 836 2767 orta
857 2705 956 2766 fuerit
978 2706 1120 2789 quicque
1144 2705 1186 2768 de

89 2781 254 2848 heredibus
278 2784 356 2847 meis
373 2787 451 2848 dicit
467 2795 523 2846 aut
542 2787 703 2849 numerari
727 2796 834 2870 potest
854 2809 909 2848 vos
930 2788 1040 2849 damus
1063 2798 1095 2850 ct
1113 2809 1186 2872 pro·

91 2869 284 2930 curatoribus
305 2869 344 2928 de
367 2890 477 2930 omnes
503 2889 610 2932 causas
634 2893 719 2932 mens
742 2870 795 2932 vel
822 2869 989 2931 facultates
1013 2892 1098 2932 meas
1119 2879 1186 2931 tam

89 2953 180 3012 terras
201 2973 261 3012 seu
283 2960 314 3012 et
340 2951 499 3034 mancipia
518 2953 573 3014 vel
597 2952 674 3014 alias
691 2973 742 3016 res
764 2972 848 3011 meas
869 2951 1020 3032 quicquit
1033 2951 1187 3012 dinume·

89 3050 154 3090 rure
175 3032 310 3114 longum
335 3042 382 3094 est
405 3033 527 3093 tamin
553 3034 733 3115 praesentia
752 3032 954 3094 dominorum
975 3042 1030 3092 aut
1049 3033 1091 3091 in·
1109 3032 1187 3115 qui-

88 3109 273 3196 buscunque
296 3115 495 3196 provinciis,
523 3113 591 3177 sive
620 3126 713 3178 eante
740 3113 917 3176 Cornitibas
941 3114 994 3174 vel
1019 3113 1185 3176 iudiciaria

89 3204 249 3274 potestate.
295 3197 437 3279 Adsapta
456 3220 525 3258 mea
554 3195 624 3259 vice
646 3197 730 3279 elegi
762 3206 794 3257 et
820 3205 978 3278 proponat
1008 3206 1063 3256 aut
1089 3196 1186 3279 quic·
1238 3220 1240 3225 ·

91 3277 210 3354 quid-in
237 3279 295 3340 bac
321 3289 410 3359 parte
436 3301 476 3340 ex
504 3299 598 3352 causa
624 3279 767 3343 veritatis
789 3289 845 3339 aut
868 3277 1057 3340 definieritis
1080 3277 1184 3362 egeris

90 3361 212 3436 gesseris
232 3361 335 3420 veraci
358 3362 577 3423 confirmatam
596 3362 700 3444 adque
721 3361 812 3421 linita
836 3361 868 3421 in
890 3369 1000 3422 contra
1019 3381 1087 3424 esse
1105 3360 1184 3446 pab-

90 3435 191 3520 plicar.
235 3443 318 3505 Sane
342 3443 368 3506 si
394 3444 466 3526 quis
490 3465 549 3526 ego
570 3443 636 3528 ipse
660 3452 714 3504 aut
735 3444 832 3509 ullus.

491 3575 556 3640 Hie
577 3577 668 3638 babet
687 3591 783 3657 gestu.

163 3689 316 3752 Arvernis
344 3701 420 3774 aput
448 3690 497 3753 vir
526 3691 687 3753 laudabile
717 3693 776 3754 illo
808 3695 976 3758 defensore
1008 3694 1071 3755 vel·
1094 3693 1184 3756 curia

90 3769 232 3853 pubplica
253 3773 351 3854 ipsius
373 3773 507 3835 civitatis
531 3773 587 3834 illa
610 3773 730 3836 femina
751 3775 795 3836 ait
814 3799 932 3858 quaeso
954 3776 1046 3838 vobis
1065 3776 1184 3859 optime

92 3851 232 3916 defensor
258 3856 309 3918 vel
338 3877 412 3916 cara
433 3855 561 3938 publiea
587 3855 685 3938 ipsias
709 3857 847 3920 civitatis
870 3870 905 3920 ut
930 3870 964 3920 ta
991 3857 1069 3919 milti
1095 3859 1185 3940 quod

92 3932 163 3995 dicis
181 3937 339 4020 pubplieis
355 3959 548 4021 prosequere
568 3939 770 4022 praecipiatis
785 3941 824 4001 ab
843 3963 946 4023 eoque
975 3949 1134 4022 gestarum
1153 3962 1184 4000 a·

91 4011 203 4098 legaeio
225 4022 320 4104 cupio
349 4020 499 4082 roborare
519 4031 709 4084 memoratus
729 4022 897 4084 defensore
915 4023 1005 4084 dixit.
1048 4023 1185 4083 Pateant

91 4097 141 4158 tibi
163 4103 249 4182 quod
279 4103 357 4164 dicis
391 4124 448 4183 per
470 4102 638 4186 pubplicas
661 4125 742 4188 quae
764 4104 949 4187 obtasquia
977 4106 1034 4166 illa
1063 4103 1184 4166 femina

90 4200 142 4254 per
165 4181 248 4244 banc
270 4185 453 4247 mandatum
471 4185 549 4246 mihi
571 4185 712 4248 iniunxit
733 4196 768 4246 ut
788 4198 919 4269 propter
937 4187 1185 4256 sollemnitatem

92 4259 139 4330 lex
161 4266 329 4358 scripturas
364 4267 562 4340 adamnan
586 4268 664 4336 uta
697 4267 820 4339 dnobus
847 4271 945 4337 areeri
977 4270 1121 4340 debarim
1151 4281 1185 4340 et
