2684 4990
177 259 251 338 778
550 276 751 330 surculam
769 275 930 335 eviscovi

190 467 193 475 .
243 419 342 474 XXIV.
378 417 413 472 Et
430 417 483 472 boc
499 416 708 480 constituimus3
727 415 750 467 si
768 415 830 488 quis
848 411 969 466 debitum
995 413 1102 470 alicuius
1122 415 1153 468 sei
1167 431 1213 472 erra

174 488 298 544 ministro
315 489 476 550 confitetur,
495 497 523 540 et
540 486 662 540 minister
679 484 776 537 inille
794 485 839 538 die
855 484 946 536 lorum
965 500 1022 536 non
1039 481 1115 537 hebet
1132 485 1217 550 affirm,

174 570 204 614 et
221 560 267 612 bic
285 561 333 629 qui
351 558 474 612 debitum
493 559 520 608 in
539 555 619 626 priori
638 555 682 608 die
700 555 839 607 consessus
857 561 913 612 est,
933 553 988 604 alia
1006 553 1050 604 die
1072 571 1151 620 negare
1163 558 1218 612 volus

174 629 223 694 rit,
245 629 379 688 Minister,
399 628 420 680 si
439 627 635 682 Testimonium
652 625 782 694 pristinae
800 623 974 678 confessionis
991 621 1090 689 habet,
1107 633 1133 676 ut
1146 642 1221 696 aequm

174 709 237 764 est,
256 700 292 751 de
310 717 339 752 se
358 697 442 751 iaciat
459 700 531 752 sicut
548 705 628 749 antea
646 695 793 748 debuisset.
1192 699 1197 718 '

242 802 327 857 XXV.
362 802 398 854 Et
415 800 469 853 hoe
492 801 548 852 Les
567 799 633 862 erit;
654 799 675 850 si
695 800 755 868 quit
773 799 808 851 de
826 799 919 870 aliqua
944 815 975 852 re
1002 795 1153 850 ministeriali
1171 799 1224 849 sorl-

172 877 264 937 tetur,
285 881 314 924 et
330 872 384 924 hoc
403 872 437 923 ad
455 870 588 923 Placitum
605 869 742 932 differtur,
769 869 841 922 sicut
864 881 932 922 tunc
956 870 988 922 iu
1017 865 1113 920 l’lacito
1136 867 1224 919 coaluus

171 943 271 1006 luerit,
295 943 450 1006 iudicetur,
470 941 492 992 ri
511 939 633 993 minister
650 957 713 991 eum
731 955 794 992 eum
811 939 969 993 testimonio
988 938 1022 990 de
1038 936 1113 1010 priori
1129 936 1225 990 conlusio

172 1031 208 1065 ne
226 1013 265 1064 ibi
285 1012 448 1066 convincere
466 1029 522 1064 non
539 1009 668 1082 potuerit.

244 1113 340 1166 XXVI.
378 1113 434 1164 Lex
452 1112 504 1165 erit
522 1110 702 1164 concivibus:
721 1107 793 1162 utri
811 1109 918 1181 quirin
942 1109 1062 1164 Ciuitate
1086 1105 1227 1162 baereditsleu

173 1201 262 1236 aream
281 1181 425 1246 habuerit,
457 1183 492 1234 ad
515 1200 610 1234 monus
636 1179 761 1251 Episcopi
785 1180 928 1233 diiudicari
956 1199 1012 1233 non
1038 1181 1129 1251 poterit
1147 1179 1229 1230 nisius

173 1272 258 1306 auitos
280 1270 409 1316 censum,
429 1261 457 1306 et
475 1252 556 1304 aliam
575 1270 650 1304 suam
669 1251 801 1304 iustitiam
820 1251 886 1304 inde
913 1250 1081 1310 subsederit,
1105 1257 1129 1300 et
1143 1247 1229 1318 posthos

172 1336 226 1376 tres
244 1341 330 1376 annos
349 1323 385 1374 ad
402 1322 453 1374 tria
471 1323 592 1386 legitima
609 1321 713 1392 placita
730 1319 910 1384 immittatur,
941 1330 972 1374 et
996 1321 1018 1372 si
1043 1320 1230 1386 supersessunius

172 1394 291 1464 pleniter
308 1392 452 1448 emendare
471 1394 608 1454 voluerit,
629 1392 687 1461 ipse
706 1407 766 1442 eam
784 1391 857 1444 sicut
873 1401 956 1444 antea
972 1390 1119 1462 possideat,
1137 1396 1159 1441 ot
1172 1389 1230 1440 sillo-

170 1482 244 1523 mum
262 1465 292 1516 in
310 1463 430 1518 Civitate
449 1463 620 1526 vendiderit,
641 1479 730 1514 aream
748 1461 851 1531 perdat.

243 1565 355 1617 xxvn.
391 1563 427 1617 Et
447 1565 502 1616 Lex
521 1563 587 1630 erit,
609 1569 641 1614 ut
658 1563 680 1614 si
699 1563 759 1632 quis
775 1561 933 1616 inCivitate
952 1558 1072 1631 aliquem
1086 1557 1121 1610 ita
1135 1569 1230 1628 percuss

168 1636 208 1688 tlt
224 1645 255 1688 ut
274 1635 308 1686 ad
325 1635 435 1686 Terram
447 1633 574 1694 decidat,
593 1635 627 1686 ad
646 1631 767 1684 bannum
785 1633 804 1683 E
825 1631 911 1702 iseopi
929 1633 983 1685 tx.
1003 1629 1098 1682 solidos
1115 1638 1230 1699 componat:

173 1705 306 1758 olentem
326 1720 389 1756 cum
407 1719 515 1774 pugno,
535 1712 584 1756 aut
601 1703 695 1772 aliquo
717 1703 771 1754 leri
817 1703 923 1768 agello,
951 1702 1029 1772 quod
1054 1699 1186 1752 bluttbirau
1202 1716 1231 1750 vo

170 1784 253 1836 eant,
273 1775 394 1846 aliquem
410 1775 574 1847 percusserit
592 1782 621 1827 et
645 1791 702 1826 non
729 1771 863 1826 deciderit
891 1775 923 1828 V.
947 1771 1049 1826 solidos
1071 1776 1164 1822 tantum
1184 1785 1230 1822 crn-

165 1851 265 1916 ponat„

242 1949 368 2002 xxvllv.
405 1948 547 2014 Lexerit3
567 1947 670 2018 siquis
696 1945 726 1998 in
751 1946 868 2000 civitate
892 1943 927 1996 ad
954 1944 1074 2014 aliquem
1098 1938 1228 1994 scutrum

174 2019 295 2084 gladium
313 2036 392 2071 suum
411 2019 606 2084 evaginaverit,
626 2026 675 2070 aut
693 2034 784 2069 areum
802 2015 966 2078 tetenderit,
999 2022 1027 2066 et
1044 2013 1157 2078 Sagittam
1176 2025 1230 2060 neno

173 2089 349 2160 imposuerit,
368 2090 414 2146 vel
431 2091 556 2142 lanceam
574 2105 650 2142 suam
668 2087 703 2139 arl
720 2086 872 2140 feriendum
889 2084 1073 2156 protenderit,
1099 2081 1145 2136 lsl'„
1163 2078 1230 2132 solidu

175 2168 328 2232 componat.

185 2251 188 2260 '
240 2251 339 2303 xxlx.
376 2253 432 2305 Lex
451 2253 517 2318 erit,
544 2253 566 2305 si
590 2250 738 2322 Episcopus
762 2247 897 2302 Fiscalem
920 2247 1062 2300 homiuem
1083 2245 1114 2298 ad
1133 2242 1230 2298 servitium

172 2337 251 2372 suum
272 2339 407 2374 assumere
424 2322 559 2386 voluerit,
580 2331 613 2374 ut
631 2322 666 2374 ad
684 2320 759 2372 aliud
777 2320 916 2373 servitium
935 2336 999 2371 eum
1026 2332 1119 2389 ponere
1138 2332 1180 2367 non
1201 2314 1231 2364 ds-

171 2389 237 2468 beat
258 2393 311 2441 nisi
332 2392 367 2443 ad
384 2392 587 2454 Camerarium,
607 2399 655 2443 aut
674 2392 709 2442 ad
731 2389 908 2452 Pincernarn,
927 2391 973 2442 vel
993 2388 1028 2440 ad
1047 2387 1191 2446 Insertum,
1203 2382 1231 2434 vel

171 2461 206 2510 ad
223 2476 384 2523 agasonem,
403 2463 448 2513 vel
466 2463 501 2514 ad
519 2461 739 2524 ministerialem
760 2469 788 2512 et
805 2460 827 2510 si
844 2461 901 2512 tale
918 2459 1061 2512 servitium
1077 2453 1231 2508 laceremlue·

171 2531 221 2588 rit,
243 2538 360 2597 quatuor
378 2529 502 2582 denarios
519 2532 656 2600 persolvat
673 2530 708 2582 ad
726 2530 824 2595 Regale
841 2529 999 2589 servitium,
1020 2537 1047 2579 et
1062 2543 1106 2577 sex
1127 2524 1156 2576 ad
1174 2523 1232 2588 Erpe

172 2598 319 2720 ditionerp,
339 2608 368 2680 et
385 2601 437 2652 tria
453 2601 555 2655 iniussa
572 2601 676 2671 placita
694 2609 807 2671 quaerat
824 2600 852 2651 in
870 2618 959 2668 anno,
988 2607 1016 2650 et
1040 2596 1131 2650 serviat
1150 2593 1232 2646 enirm·

172 2685 227 2739 que
247 2678 372 2724 venerit.

239 2787 322 2852 XXX.
342 2789 454 2858 Propter
469 2787 624 2840 Homicidia
641 2797 744 2852 autem,
755 2805 827 2860 quae
846 2785 1031 2857 quasieotidie
1044 2783 1137 2836 fiebant
1152 2774 1232 2830 inlrala·

172 2857 277 2910 miliana
302 2859 328 2910 S.
348 2859 443 2922 Petri,
471 2875 545 2910 more
563 2859 704 2921 belluino,
724 2861 789 2928 quia
807 2875 888 2927 saepe
906 2875 952 2928 pro
971 2857 1060 2908 nihilo
1072 2893 1079 2917 ,
1093 2885 1095 2888 -
1107 2860 1148 2903 aut
1161 2860 1231 2924 perte·

173 2928 336 2993 husteten,
357 2937 405 2981 aut
421 2947 471 2999 per
489 2929 641 2999 superbiam
660 2930 729 2982 alter
745 2927 774 2981 in
800 2928 914 2981 alterum
937 2927 1034 2978 insana
1057 2932 1139 2976 mente
1159 2921 1187 2970 ita
1201 2930 1228 2993 ψ·

171 2998 314 3063 surgebat,
334 3000 410 3050 utin
430 2998 565 3052 curriculo
584 2999 663 3050 unius
682 2996 747 3050 anni
772 2999 875 3050 XXXV.
903 2997 970 3050 servi
996 2995 1082 3050 sancti
1104 2988 1176 3048 Petri,
1193 2997 1228 3035 ³¹ss⁶

171 3070 269 3137 eulpa,
291 3087 306 3118 a
324 3070 406 3121 servir
425 3068 546 3120 eiusdem
565 3069 705 3122 Ecclesiae
723 3068 777 3122 sint
794 3068 964 3137 interempti,
980 3079 1008 3120 et
1025 3065 1074 3136 ipsi
1092 3059 1230 3114 interfectus

169 3139 256 3204 magis
270 3138 335 3190 inde
354 3139 458 3205 gloriati
477 3148 557 3202 suut,
578 3149 606 3192 et
623 3139 704 3205 elati;
725 3156 807 3208 quam
825 3137 930 3206 aliquid
955 3129 1132 3208 poenitudinis
1153 3124 1230 3205 pratil·

166 3209 270 3275 issent,
298 3209 411 3278 proinde
436 3208 471 3261 ob
494 3209 567 3262 illud
593 3209 740 3261 marimum
765 3209 960 3260 detrimentum
984 3216 1090 3260 nostrae
1115 3199 1229 3270 Ecclesiae)

170 3295 236 3332 curn
254 3278 369 3332 consilio
395 3288 547 3332 nestrorum
575 3279 728 3340 Fidelium,
754 3279 826 3332 hanc
854 3277 1048 3330 correctionem
1075 3271 1126 3325 fieri
1148 3269 1231 3346 decrevi·

167 3365 245 3404 mus:
263 3359 294 3402 ut
312 3349 334 3400 si
353 3350 414 3420 quis
434 3366 467 3401 ex
487 3349 601 3402 Familia
620 3351 747 3402 consocio
772 3367 820 3400 suo
837 3348 896 3400 sine
914 3350 1089 3406 necessitate,
1115 3334 1231 3418 etquidem

171 3419 229 3470 sine
248 3420 304 3471 tale
321 3420 503 3482 necessitate,
530 3419 552 3472 si
578 3437 606 3472 se
629 3421 718 3490 ipsum
743 3419 895 3470 interlicere
926 3417 1060 3478 voluerit,
1085 3419 1129 3464 aut
1148 3425 1166 3459 ss
1186 3405 1230 3454 lalr⁰

167 3497 246 3552 erat,
266 3506 296 3540 se
314 3498 341 3540 et
358 3508 408 3540 sua
425 3489 615 3551 defendendo,
635 3490 683 3542 sed
700 3489 757 3541 sine
775 3489 833 3541 istis
858 3487 1020 3558 supradictis
1047 3483 1136 3542 rebus,
1155 3470 1230 3529 interle-

172 3560 256 3619 estu,
277 3561 482 3612 constituimus:
500 3569 531 3613 ut
550 3559 575 3612 ei
592 3561 726 3612 tollantur
744 3559 846 3611 corium
865 3568 893 3611 et
911 3557 1028 3626 Capilli,
1053 3563 1079 3606 et
1102 3552 1129 3602 in
1151 3555 1233 3610 utraque

170 3630 284 3683 maxilla
302 3629 371 3682 lemn
390 3631 425 3682 ad
441 3630 495 3684 hec
513 3631 586 3683 sacto
605 3631 788 3692 comburatur,
808 3638 835 3683 et
852 3629 1030 3696 weregeldum
1047 3622 1178 3700 reddata
1191 3623 1230 3663 cun

170 3700 299 3772 proximis
323 3699 407 3753 occisi
431 3719 505 3753 more
522 3701 604 3754 solito
626 3717 722 3772 pacem
745 3698 845 3760 faeiat,
874 3709 901 3753 et
925 3700 960 3750 ad
983 3698 1036 3750 hoc
1061 3691 1230 3768 constringantur

170 3771 286 3842 proximi
307 3781 339 3823 ut
357 3770 503 3841 accipiant.
539 3771 654 3841 proximi
673 3778 764 3822 autem
783 3769 865 3822 occisi
884 3770 906 3821 si
923 3767 1047 3839 persequi
1063 3765 1179 3817 voluerint
1192 3766 1231 3821 μω·

171 3843 256 3893 ximos
276 3841 412 3905 occisoris,
433 3842 455 3892 si
474 3841 535 3911 quis
553 3843 662 3894 illorum
679 3842 860 3911 proximorum
880 3839 986 3891 consilii
1004 3846 1031 3891 et
1047 3834 1106 3887 facti
1120 3828 1230 3880 iuramento

171 3930 230 3964 sese
249 3929 396 3982 expurgare
422 3913 557 3982 potuerit,
585 3929 600 3962 a
625 3911 752 3982 proximis
778 3909 915 3961 interfecti
940 3911 1041 3960 firmam
1067 3915 1092 3957 et
1114 3903 1229 3972 perpetuam

172 4001 269 4052 pacem
288 3983 397 4035 babeat.
417 3983 438 4033 si
458 3991 547 4034 autem
565 3982 681 4050 proximi
698 3981 781 4034 occisi
799 3980 873 4032 istud
891 3979 1067 4032 constitutum
1085 3973 1228 4052 contempnete

171 4055 270 4107 volunt
288 4061 315 4105 et
333 4053 493 4122 supradictis
511 4052 621 4104 insidias
639 4061 744 4122 parant,
763 4061 854 4104 tamen
872 4050 943 4102 nibil
960 4055 1059 4100 nocent
1074 4043 1118 4096 nisi
1134 4053 1190 4119 quoa
1202 4047 1228 4078 n·

172 4124 323 4184 sidentur,
343 4123 452 4174 Corium
477 4130 504 4173 et
530 4124 651 4192 Capillos
677 4124 803 4174 amittant
826 4122 885 4174 siue
912 4118 1107 4180 combustion03
1130 4126 1148 4162 u
1167 4112 1227 4158 autem

177 4194 297 4263 aliquem
317 4192 427 4246 illorum
445 4194 642 4254 interfecerint,
662 4193 717 4246 sive
733 4191 935 4246 vulneraverint
952 4203 1000 4259 per
1018 4189 1182 4254 contemptae,
1196 4186 1225 4220 ⁶⁰·

182 4266 251 4321 riusa
270 4273 298 4320 et
318 4264 431 4340 capillos
456 4265 605 4336 amittant,
634 4272 662 4320 et
691 4262 875 4340 supradictam
907 4260 1110 4318 combustionem
1129 4247 1227 4327 Pium*
