2684 4990
188 289 260 366 724
603 301 898 358 srcrsuousme

187 465 251 500 nam
274 461 354 515 quam
379 435 506 511 posuerat
532 439 715 506 sulridurum,
749 450 797 494 aut
819 440 848 492 in
873 442 932 512 ipso
957 439 1088 494 treballie
1107 441 1198 512 dupla
1211 443 1273 515 'lum

186 515 326 571 sustinere.
365 511 494 564 Similiter
510 507 532 562 si
552 513 719 582 quicumque
738 511 821 564 horno
841 511 961 563 alienum
985 529 1091 564 servum
1118 513 1159 564 de
1187 518 1271 585 capitale

188 587 301 638 cflffllflss
320 579 532 640 ammallarerit,
551 581 621 646 etei
641 581 674 634 ad
692 580 889 633 sacramentum
907 601 963 632 uon
982 580 1150 640 credid'en't,
1170 584 1220 636 nisi
1234 589 1276 636 aab·

187 657 306 712 scribere
324 671 385 704 eum
403 652 480 709 sult3
502 649 536 700 de
553 661 678 721 presente
702 651 797 720 plebat
822 653 868 722 l),
897 650 951 703 hoc
976 661 1018 703 est
1042 652 1203 705 subscribet
1222 671 1278 708 suum

186 744 292 777 servum
312 725 426 772 alterum
444 720 526 770 talem
546 721 640 788 quales
659 718 707 772 ille
729 731 786 782 est,
818 723 862 772 cui
881 728 1006 792 reputat:
1025 717 1065 772 slc
1091 715 1279 782 ludeslene,

187 795 233 846 cui
252 795 287 847 de
304 793 362 861 ipsa
384 785 606 858 culparemus,
627 789 801 843 intransitio
829 790 966 854 mittatur,
993 791 1015 840 si
1040 790 1071 840 in
1096 790 1163 860 ipso
1187 793 1282 849 emm,

186 864 244 933 ipsa
262 861 343 930 culpa
362 860 499 913 confessus
517 877 572 911 non
591 859 673 912 fuerit
691 870 718 910 et
743 862 821 913 illum
849 861 1016 927 flagellatum
1038 878 1152 914 serrum
1176 864 1283 918 dominu,

187 949 251 986 sirus
270 932 401 1001 recipiat,
423 940 450 983 ct
466 929 546 982 illum
565 931 648 980 alisiru
667 946 791 994 servum,
816 931 863 1002 qui
889 939 985 984 coutm
1016 930 1099 1004 illum
1133 932 1284 1006 subscriptus

188 1014 246 1068 est,
263 1002 373 1054 habeat.

255 1105 321 1156 Item
337 1104 397 1154 ulia
413 1104 498 1171 inepr.
534 1099 586 1152 Ubi
605 1099 728 1154 homines
748 1101 898 1170 culpabiles
916 1103 947 1156 iu
966 1119 1074 1156 carcere
1091 1105 1169 1158 missi
1190 1103 1286 1170 fuerint,

185 1192 243 1226 nou
260 1173 377 1226 multum
395 1180 514 1240 ternpore
534 1189 579 1222 eos
597 1169 700 1225 ibidem
717 1180 810 1224 tenere
828 1171 948 1238 debent,
979 1175 1031 1225 nisi
1051 1175 1087 1225 de
1106 1187 1237 1244 presente
1253 1198 1288 1230 es·

185 1246 325 1314 pellantur
342 1242 426 1304 foras,
454 1252 482 1294 et
507 1241 528 1291 si
554 1241 706 1310 culpabiles
734 1251 814 1306 suut,
840 1243 990 1296 secundum
1014 1261 1092 1295 suam
1120 1247 1234 1316 culpam
1256 1267 1289 1300 eos

185 1313 360 1377 iudicentur3
382 1321 408 1364 et
427 1312 447 1360 si
461 1310 549 1379 culpa
567 1329 622 1364 uon
640 1311 807 1374 habuerint,
825 1311 903 1363 liberi
922 1313 1079 1366 abscedant.

256 1419 323 1472 Item
340 1418 399 1470 atta
419 1418 512 1484 impr„
541 1418 656 1468 Berones
674 1414 728 1466 hac
746 1415 882 1477 mulieres,
896 1415 918 1465 si
937 1415 1039 1468 crimen
1058 1417 1168 1486 equale
1187 1417 1288 1480 habunt,

185 1507 241 1542 non
260 1489 290 1541 in
308 1505 363 1539 una
382 1503 489 1540 carcere
508 1484 639 1541 mittatur.
713 1555 717 1563 Δ

258 1593 293 1642 ll.
329 1593 370 1643 De
385 1588 537 1640 eumedium
549 1606 669 1640 reorum.
705 1587 785 1658 lmpr.
804 1588 926 1640 casune
945 1588 1015 1642 Data
1032 1588 1105 1639 Non.
1126 1587 1197 1656 Apr.
1215 1590 1282 1656 lurpr.

185 1664 397 1732 Quslceaeaque
413 1660 587 1728 culpassem
604 1658 750 1722 honunem,
770 1658 792 1710 si
807 1659 895 1710 ludex
919 1673 979 1715 eum
1002 1657 1032 1708 in
1058 1673 1175 1708 carcere
1200 1658 1281 1709 mittere

184 1733 308 1794 iusserit,
327 1732 349 1782 si
368 1729 467 1782 exinde
484 1747 544 1780 reus
561 1748 609 1799 per
625 1727 822 1793 neglegentiam
842 1727 876 1777 de
894 1726 951 1796 ipso
970 1727 1085 1779 custode
1105 1723 1219 1792 fugitet,
1236 1729 1283 1778 sciat

186 1819 214 1852 se
233 1803 289 1872 ipse
308 1811 408 1863 custor,
428 1808 459 1850 ut
476 1799 562 1868 ipsum
578 1817 653 1850 reum
671 1809 824 1867 presentare
841 1797 956 1862 debeat,
978 1798 1046 1848 etsi
1065 1815 1131 1848 eum
1150 1809 1286 1866 presentare

185 1891 240 1945 ¹uon
260 1871 399 1940 potuerit,
418 1869 475 1920 tale
490 1885 581 1939 poena
599 1870 747 1928 sustineat,
768 1865 841 1919 sic'nt
858 1868 907 1918 ille
924 1884 985 1919 reus
1001 1867 1091 1935 petire
1113 1867 1253 1920 debuerat.

207 2001 209 2011 ·
252 1973 321 2024 Item
337 1971 396 2022 ulio
415 1972 498 2038 impr.
536 1969 637 2021 Omnes
653 1967 794 2020 dominicis
813 1965 927 2031 diebus,
947 1969 995 2036 qui
1013 1967 1043 2018 in
1062 1970 1224 2022 carceribus
1240 1981 1293 2020 suut

187 2041 341 2100 constricti,
363 2039 449 2090 ludex
467 2055 511 2089 eas
529 2038 598 2091 foras
615 2037 665 2090 sub
684 2039 835 2091 custodiam
855 2039 993 2108 expellere
1010 2038 1119 2105 faciat‚·
1146 2051 1179 2092 et
1197 2041 1294 2091 forsitan

186 2115 207 2164 si
228 2110 503 2182 aliquisChristianus
522 2126 569 2177 pro
587 2109 763 2162 reverentiam
780 2107 881 2160 Christi
899 2110 992 2178 aliqua
1008 2109 1172 2161 substantia
1191 2111 1229 2162 eis
1245 2129 1296 2178 por-

186 2181 289 2248 rigaut3
311 2189 339 2234 et
356 2181 427 2231 iusta
445 2179 582 2251 quomodo
601 2181 638 2230 eis
657 2179 869 2247 oportet,ludex
887 2196 933 2230 eos
951 2179 1001 2230 sub
1020 2181 1182 2232 custodiam
1200 2180 1232 2231 in
1247 2182 1297 2230 bal-

185 2271 239 2306 neo
257 2251 348 2302 lavare
367 2249 457 2300 faciat
495 2249 523 2301 Si
541 2249 602 2320 quia
620 2250 706 2302 ludex
724 2249 778 2302 hoe
795 2265 852 2299 non
869 2248 980 2312 fecerit,
1000 2267 1091 2320 poena
1107 2249 1163 2320 qui
1182 2249 1231 2302 lex
1247 2253 1296 2320 ipsa

188 2322 355 2384 constituit,
374 2321 470 2372 solrat.

257 2424 311 2472 lll.
347 2421 387 2472 Ne
400 2434 495 2488 preter
506 2421 609 2473 crimen
624 2423 783 2490 magestatis
795 2437 889 2472 servus
901 2418 1042 2470 dominum
1061 2439 1159 2482 suum,
1184 2422 1232 2472 vel
1255 2441 1298 2489 prr-

187 2507 299 2542 tronum
319 2491 437 2540 libertus
461 2509 510 2540 seu
520 2491 684 2560 Ι[ἔιιηίίὶανεε
709 2503 809 2541 auisset.
855 2493 936 2560 lrnpr.
961 2491 1138 2542 Valentinus.
1166 2493 1238 2542 Bata
1265 2493 1296 2540 ld.

186 2564 254 2614 mar.
274 2562 362 2628 Intpm
392 2559 418 2609 Si
446 2561 506 2628 quis
541 2577 630 2612 servus
654 2561 791 2612 dominum
815 2577 909 2620 sirum,
941 2569 989 2612 ant
1013 2561 1133 2612 libertus
1161 2571 1300 2630 patronum

186 2649 264 2684 suum
285 2646 395 2682 acusare
412 2629 549 2691 soluerit,
576 2628 628 2681 nisi
647 2630 757 2682 forsitan
775 2629 888 2700 probare
906 2629 1047 2698 potuerit,
1083 2631 1156 2700 ‘quid
1174 2634 1234 2700 ipse
1260 2632 1301 2680 do-

187 2700 276 2752 miuus
295 2699 418 2770 antipae
436 2708 564 2770 patronus
583 2709 678 2752 contra
696 2699 834 2751 dominum
853 2699 1085 2768 blasphemasset,
1118 2711 1171 2752 aut
1189 2719 1301 2770 paganos

189 2769 363 2840 eos'probare
381 2769 520 2838 potuerit,
540 2769 575 2820 de
592 2771 650 2822 tale
669 2770 870 2822 accusationem
887 2771 1028 2822 licentiam
1046 2771 1188 2825 habeant.
1235 2773 1267 2822 Fe
1282 2771 1300 2819 si

186 2857 249 2894 vero
268 2838 377 2900 dixerit,
395 2839 453 2908 ipse
471 2838 584 2890 libertus
602 2849 649 2890 aut
667 2857 756 2891 servus
781 2841 839 2890 sine
863 2857 970 2892 ornnem
994 2841 1124 2894 iniuriam
1149 2839 1233 2902 liberi
1259 2840 1300 2889 ab·

187 2909 312 2966 scedant:
332 2909 398 2958 Nam
417 2910 439 2959 si
458 2909 493 2960 de
511 2910 564 2960 hoc
582 2911 748 2970 mentierint,
769 2919 816 2960 aut
833 2909 854 2960 si
872 2910 984 2962 forsitan
1004 2911 1040 2962 de
1058 2911 1114 2962 alia
1143 2903 1300 2980 qualecum-

188 2999 242 3053 que
262 2995 342 3048 causa
360 2978 473 3030 libertus
491 2985 652 3048 patronum,
674 2987 721 3030 aut
743 2995 832 3029 servus
851 2977 991 3030 dominnm
1017 2997 1115 3042 suuni,
1147 2982 1186 3033 ad·
1205 2981 1298 3050 quale-

189 3065 307 3118 cumque
326 3047 449 3100 ludicem
469 3048 674 3110 accusaverint,
693 3049 727 3099 de
745 3056 870 3118 presente
888 3049 918 3100 in
941 3050 999 3119 ipsa
1021 3049 1089 3104 hora
1112 3050 1297 3104 accusacionis

189 3113 341 3172 lsidex'eos
362 3117 452 3188 capite
468 3117 565 3190 punire
584 3117 674 3171 faciat.

165 3277 168 3291 y
211 3267 216 3291 ἦ
258 3223 303 3276 lv.
340 3220 383 3272 Ad
396 3222 454 3290 lege
472 3223 573 3273 Iuliam
602 3220 634 3272 de
655 3217 800 3272 adstiteris.
825 3223 907 3290 lmpr,
926 3223 1045 3275 Costant„
1065 3224 1139 3274 Data
1158 3221 1217 3277 ΙΙΙ.
1237 3221 1280 3273 ltu

189 3287 371 3364 Febnlntpr.
400 3292 428 3342 Si
452 3307 627 3361 quacumque
645 3291 747 3343 femina
764 3290 890 3344 hahuerit
906 3293 1018 3346 taberna
1035 3294 1064 3344 in
1081 3295 1201 3358 domum
1220 3303 1282 3342 suan'

190 3354 211 3412 si
231 3379 278 3413 sua
298 3359 399 3414 ancilla
416 3361 518 3414 miserit
536 3362 583 3430 qui
600 3362 688 3430 ipsum
707 3361 801 3415 vinum
821 3362 938 3415 vendere
955 3362 1074 3422 debeat,
1094 3361 1116 3412 si
1137 3361 1201 3431 ipsa
1221 3361 1283 3412 dui·

149 3422 160 3503 ,ι
190 3449 226 3491 na
243 3449 291 3482 essa
308 3433 336 3482 in
355 3431 519 3483 adulterium
539 3431 620 3483 fuerit
637 3431 819 3501 deprehensa,
846 3433 955 3486 maritus
972 3451 1036 3483 suus
1055 3432 1159 3483 exinde
1179 3450 1241 3484 cam
1256 3437 1289 3479 ae·

168 3502 172 3510 ’
192 3517 284 3554 enarre
303 3517 357 3553 nou
374 3509 466 3570 potest
482 3502 520 3572 m)
555 3503 630 3560 ‚Nam
648 3502 670 3552 si
688 3502 746 3571 ipsa
764 3501 875 3564 ancilla,
894 3503 941 3572 qui
958 3503 1047 3571 ipsum
1064 3503 1164 3554 vinum
1177 3541 1182 3546 .
1197 3501 1291 3554 vendit·

190 3571 219 3620 in
239 3572 403 3622 adulterium
422 3570 503 3635 fuerit
521 3571 706 3642 deprehensa,
725 3589 773 3640 pro
790 3572 844 3624 lsoc
863 3589 921 3624 eam
940 3573 1067 3624 dommus
1084 3589 1150 3624 suus
1179 3588 1238 3622 eam
1254 3585 1288 3618 ac'

180 3656 284 3693 *cusnre
299 3659 356 3691 nou
371 3648 469 3712 potesta
503 3642 571 3692 Nam
588 3642 663 3710 quod
680 3642 701 3694 si
716 3642 775 3712 ipsa
792 3642 901 3700 domina
918 3643 1024 3706 mulier,
1043 3640 1122 3693 cuius
1144 3641 1224 3693 rinus
1246 3645 1291 3688 est·

175 3712 242 3764 'illa
256 3711 370 3763 taberna
387 3729 435 3781 per
450 3727 480 3762 ae
497 3711 555 3781 ipsa
572 3711 736 3776 vendiderit,
757 3713 830 3763 etin
847 3712 1009 3764 adulterium
1028 3709 1110 3764 fuerit
1120 3709 1289 3782 deprehensas

161 3803 163 3813 ⁴
190 3801 239 3854 pro
257 3782 310 3834 hoc
328 3782 428 3834 exinde
446 3799 506 3834 eam
522 3797 651 3836 accusare
668 3800 724 3834 non
741 3789 830 3852 potest
846 3782 958 3836 maritus
976 3800 1047 3834 suus.

188 4079 191 4086 '
230 4075 259 4146 l)
275 4053 389 4130 l’lelcie:
406 4079 435 4129 in
448 4069 635 4132 vadimonium
654 4093 733 4147 spon·
854 4078 930 4130 lente
943 4077 1042 4144 legitur
1052 4078 1081 4130 in
1104 4077 1200 4129 codice
1211 4069 1285 4143 parti-

281 4148 360 4200 deat:
379 4149 454 4219 quod
475 4149 572 4202 ltalice
596 4157 636 4200 est
652 4151 730 4219 pieg·
850 4150 914 4201 cula
934 4148 1075 4214 negativa,
1099 4164 1180 4218 quam
1202 4155 1278 4196 tamen

283 4219 370 4283 gius-e.
845 4217 981 4288 irrepsisse
1016 4219 1095 4270 eredo
1134 4233 1165 4268 ex
1204 4223 1276 4264 errore

233 4284 269 4352 m)
286 4290 419 4338 Accusare
436 4305 492 4338 non
504 4298 601 4355 potest.
639 4289 727 4341 hucu-
847 4288 1057 4342 amanuensium.
