2676 4976
478 285 762 342 annnoavnnsrs
1109 269 1180 342 519

91 431 178 494 citum
205 449 297 492 suum
322 427 522 494 adtendedit.
565 429 612 494 Ac
640 436 752 492 contra
781 426 907 510 aliquus
934 426 1099 507 homines,
1129 429 1181 492 his

89 511 258 576 nominibus
280 509 358 571 illus
381 519 412 572 et
435 511 527 576 illust
548 512 635 574 unde
655 521 728 572 ante
748 509 806 574 lios
829 510 897 574 dies
917 511 1087 572 iurationis
1112 513 1182 574 fue·

90 591 326 677 rnntprovinia
348 592 457 653 suain
479 593 629 677 locoqui
652 593 770 654 dicitur
788 593 856 656 illo.
909 595 1003 655 Unde
1019 603 1052 653 et
1070 603 1182 657 autore
1259 650 1262 660 ,

93 699 195 739 nomen
218 673 292 750 illo,
314 676 560 758 spoponderunt
581 683 784 759 praesentare
811 676 878 758 ipsa
897 674 985 735 vinia
1004 675 1080 758 ipsis
1102 698 1182 737 con-

94 761 215 842 signasit
259 756 325 816 Sed
351 758 486 820 veniens
508 760 542 819 in
557 780 597 821 eo
611 758 729 840 placito
749 758 817 835 illi,
841 759 880 820 dc
901 779 994 818 mane
1017 779 1120 841 usqne
1142 759 1183 822 ad

94 863 239 924 vesperum
264 839 422 920 placitum
453 864 547 903 suum
577 842 703 924 legibus
736 839 910 903 custodivit
939 849 972 900 et
1001 841 1181 904 solsadirit.

95 926 163 985 llam
178 923 218 983 illi
231 931 260 984 et
277 920 330 982 illi
352 924 473 986 ibidem
492 926 643 1002 fuerunt,
665 933 698 984 et
715 923 777 984 hoe
796 924 884 1006 quod
900 922 1180 1004 espoponderunt,

96 1006 211 1066 menime
224 1013 403 1086 potuerunt
421 1007 603 1091 adimplire.
651 1008 825 1090 Propterea
845 1005 1061 1068 necessarium
1083 1007 1181 1090 ipsius

96 1089 157 1165 illo,
181 1096 212 1146 ut
231 1087 317 1147 banc
341 1089 493 1152 noticiam
515 1088 662 1150 manibus
687 1090 846 1152 bonorum
869 1087 1037 1150 homiuum
1062 1090 1181 1152 exinde

94 1171 214 1251 accipere
235 1169 384 1249 deberit,
406 1174 494 1256 quod
513 1173 556 1233 ita
577 1182 609 1235 et
624 1171 722 1250 fecit,
750 1172 838 1232 utin
861 1171 1067 1254 postmodum
1086 1172 1181 1256 quic·

88 1252 155 1335 'quid
173 1252 224 1314 lex
243 1251 334 1316 inter
356 1275 409 1318 eos
430 1257 587 1334 declarat,
609 1255 776 1318 attendere
798 1254 914 1318 debiat.

501 1391 618 1475 Incipit
639 1391 747 1454 cessio.

153 1505 236 1572 LIII.
262 1508 365 1588 Quod
384 1504 507 1570 bonum
528 1505 668 1567 faustum
687 1504 746 1582 sit,
775 1501 844 1566 Lex
872 1507 1037 1572 felicitatis
1063 1511 1179 1576 adsatis

81 1588 224 1668 adsentit,
244 1601 278 1653 et
294 1593 352 1652 lex
373 1591 517 1653 Romana
533 1588 658 1666 edocit,
680 1595 713 1648 et
730 1588 930 1651 consuetudo
949 1593 1022 1676 pagi
1040 1615 1181 1656 consen.

81 1673 131 1745 tit,
152 1681 183 1734 et
198 1673 391 1757 principalis
409 1680 548 1758 potestas
572 1691 638 1732 non
659 1669 824 1751 prohihet,
855 1680 890 1733 ut
910 1682 974 1733 tam
993 1698 1052 1757 pro
1072 1699 1106 1738 se
1127 1675 1179 1736 in-

80 1755 299 1834 tercidentem,
323 1777 421 1838 quam
433 1755 472 1816 ad
487 1753 539 1814 die
560 1752 735 1814 filicissimo
749 1752 936 1834 nuptiarum
953 1758 1092 1820 obtabile
1108 1780 1182 1820 eve-

80 1835 221 1900 nientem.
265 1839 394 1900 Idcirco
411 1859 471 1920 ego
489 1835 523 1896 iu
541 1836 604 1898 Dei
625 1836 757 1898 nomine
780 1836 830 1898 illi
851 1858 989 1918 nomen,
1011 1851 1084 1902 ante
1107 1862 1180 1922 pro·

79 1919 171 1980 scribo
185 1921 225 1982 ad
244 1943 397 2004 sponsam
411 1941 532 1996 meam,
554 1939 673 1980 nomen
698 1918 769 1994 illa,
792 1918 858 1980 filia
875 1919 979 1999 illius,
1001 1923 1179 1986 transcribo

78 2001 112 2061 ad
133 2002 198 2085 ipsa
214 2025 276 2086 per
298 2004 383 2065 hanc
404 2002 538 2086 epistola
559 2011 656 2084 atque
680 2001 841 2079 cessione,
862 2002 924 2064 hoc
949 2014 997 2067 est
1013 2027 1083 2068 casa
1107 2028 1180 2067 eum

79 2092 167 2158 curte,
186 2087 239 2147 vel
258 2085 351 2146 omni
372 2084 603 2148 crrcumciucto
626 2106 696 2160 sno,
718 2083 780 2145 boe
805 2095 851 2146 est
868 2086 988 2148 mobile
1015 2097 1048 2150 et
1069 2089 1178 2150 inmo-

70 2167 152 2246 bile,
180 2169 267 2231 lecto
290 2168 426 2248 uestita,
455 2188 568 2251 campo
592 2166 717 2227 ferente
741 2165 865 2228 modius
893 2177 1019 2247 tantus,
1050 2171 1089 2234 dc
1110 2193 1178 2231 uno

78 2249 167 2311 latere
192 2261 239 2313 est
265 2273 421 2334 campus;
449 2251 537 2314 vinia
561 2249 669 2310 iuotus
696 2257 824 2327 tantus,
840 2250 890 2312 ‘de
914 2271 980 2312 uno
1008 2253 1109 2314 latere
1131 2255 1178 2317 vi·

79 2332 124 2390 nia
147 2333 253 2405 illius;
286 2333 366 2396 silva
390 2335 496 2396 inatus
521 2342 646 2409 tantus,
675 2330 715 2392 de
744 2353 810 2392 uno
837 2331 936 2395 latere
964 2334 1045 2396 silva
1067 2336 1176 2408 illius3

78 2415 166 2496 prado
189 2416 311 2494 iuctus,
334 2416 373 2477 de
400 2437 467 2476 uno
494 2417 595 2476 latere
619 2423 707 2496 prata
733 2414 832 2491 illius,
864 2426 897 2477 et
916 2427 965 2478 est
990 2440 1088 2501 super
1109 2429 1176 2482 ter-

79 2497 222 2558 raturium
253 2498 358 2561 sancti
388 2498 497 2576 illius,
532 2497 566 2556 in
600 2497 702 2558 fundo
728 2496 785 2557 illa
817 2498 914 2577 villa,
943 2500 1033 2564 bovis
1058 2509 1176 2580 tantus,

79 2599 177 2642 vaccas
208 2604 287 2642 cum
321 2582 485 2664 sequentis
509 2589 632 2650 tantus,
667 2580 856 2641 vestimento
882 2589 989 2659 tanto,
1026 2584 1060 2644 in
1096 2585 1176 2646 turis

81 2659 113 2722 de
130 2664 255 2726 soledus
280 2673 403 2741 tantus,
434 2663 557 2724 bracilo
582 2661 622 2722 de
646 2662 774 2723 soledus
802 2671 927 2742 tantus,
962 2665 1042 2728 haec
1069 2668 1176 2728 omnia

79 2763 138 2803 rem
161 2746 312 2829 superius
336 2755 516 2823 nomenata,
538 2745 692 2826 quamdiu
714 2745 913 2823 adviximus,
944 2749 1035 2809 ambo
1056 2752 1176 2832 pariter

72 2823 133 2886 'hoe
147 2834 258 2891 tenere
283 2839 315 2890 et
339 2829 507 2911 possedere
540 2826 723 2903 debiamus‚
752 2829 898 2907 superius
922 2843 1092 2891 nomenata
1114 2834 1175 2893 hoc

81 2908 171 2972 tenire
195 2920 227 2972 et
253 2911 418 2994 possedire
447 2910 565 2972 debias.
607 2911 649 2970 Et
675 2929 712 2972 se,
733 2913 857 2990 prolem
884 2912 976 2974 nobis
1001 2915 1088 2974 Deus
1117 2915 1175 2978 de-

79 2988 163 3070 derit,
183 3014 260 3054 cum
280 3016 374 3055 omne
394 2994 576 3076 integritate
604 3001 640 3052 ut
660 3012 728 3050 rem
754 2992 919 3052 meliorata
943 2996 1121 3076 acceperit,
1145 3005 1178 3056 et

81 3071 233 3137 adfirmare
252 3075 455 3138 deberimus:
485 3075 572 3158 quod
599 3074 642 3133 ita
674 3083 707 3134 et
733 3072 867 3137 ficimus.
906 3075 984 3136 Post
1009 3078 1178 3138 transitum

80 3173 148 3215 nero
173 3167 268 3218 tuum
298 3159 334 3218 in
361 3160 437 3240 ipsis
462 3167 675 3220 revertantur.
721 3157 763 3216 Et
789 3177 821 3216 se
853 3157 979 3237 agnatio
1017 3159 1056 3220 de
1083 3160 1175 3222 nobis

81 3250 233 3314 procreata
262 3237 327 3301 non
353 3242 475 3318 fuerit,
505 3240 584 3302 liaeo
616 3236 722 3299 omnia
747 3259 815 3298 rem
844 3239 990 3320 superius
1019 3263 1174 3303 nomena-

82 3325 116 3394 ta,
144 3321 203 3384 hoc
225 3324 332 3385 tenire
360 3333 393 3384 et
418 3323 580 3406 possedire
606 3322 754 3396 debiant,
781 3330 813 3382 et
832 3319 885 3382 cui
913 3321 1055 3383 volueris
1080 3326 1176 3388 dere-

82 3397 207 3483 linquas.
249 3405 342 3469 Etsi
372 3407 471 3466 fuerit
494 3405 552 3488 qui
575 3414 687 3466 contra
712 3403 796 3464 hauc
820 3403 955 3485 epistola
977 3407 1081 3487 adque
1106 3429 1176 3468 ces·
1219 3436 1224 3444 ·

82 3481 172 3563 sione,
193 3509 291 3570 quem
311 3509 370 3571 ego
386 3488 471 3550 bona
492 3489 657 3548 uoluntate
680 3486 771 3546 nulla
789 3485 961 3567 imperium
978 3489 1049 3550 fieri
1072 3499 1105 3550 et
1125 3489 1177 3550 ad-

83 3563 194 3632 firmare
221 3571 351 3654 rogavi,
383 3571 497 3633 venire
522 3579 578 3630 aut
601 3569 727 3650 litigare
754 3569 806 3632 vel
837 3569 1022 3652 infrangere
1043 3573 1176 3634 fortasse

83 3652 257 3729 conaverit,
287 3654 406 3714 inferat
429 3653 515 3714 inter
534 3651 593 3713 tibi
620 3660 653 3712 et
671 3652 746 3714 fisco
768 3652 897 3714 soledus
916 3661 1023 3716 tantus
1050 3665 1177 3717 coactus

84 3750 264 3817 componere
285 3736 403 3814 debiat,
426 3745 459 3798 et
485 3735 717 3818 quodssrepetit
741 3735 912 3797 vindccare
938 3758 1004 3798 non
1029 3739 1135 3801 valiat.
1223 3801 1226 3811 Κ

459 3869 586 3931 Noticiu
606 3867 779 3932 divisionis

153 3982 234 4050 LIV.
277 3985 317 4044 Iu
336 3983 397 4044 Dei
415 4003 501 4044 nom.
542 3983 669 4045 Placuit
690 3991 784 4064 atque
815 3984 970 4046 convenit
993 3985 1079 4047 inter
1100 3985 1177 4048 illus
1265 4007 1267 4014 ¹

86 4063 204 4128 stillas
231 4087 410 4150 germanus,
432 4076 466 4126 ut
488 4067 574 4128 inter
596 4087 629 4128 se
658 4065 697 4126 de
719 4087 770 4127 res
800 4086 913 4127 eorum
938 4067 1090 4140 deridere
1117 4069 1176 4130 de·

84 4140 219 4210 buerunt.
240 4150 327 4232 quod
354 4157 385 4210 et
407 4150 565 4212 lecerunt.
620 4147 748 4230 Accipit
776 4145 825 4208 illi
849 4147 911 4210 hoc
941 4160 988 4210 est
1011 4171 1081 4214 casa
1103 4173 1176 4212 cum

87 4230 162 4292 enni
183 4231 412 4295 circumcincto
437 4232 506 4312 illo,
528 4253 585 4294 sen
608 4241 640 4294 et
665 4228 823 4314 mancipia
849 4233 899 4292 rel
924 4234 1041 4296 mobile
1062 4244 1100 4296 et
1118 4236 1175 4299 im·
