2676 4976
105 233 185 312 558
396 249 592 305 rennuere
629 249 934 306 noneomnorcie

105 396 197 458 illam
222 400 346 479 partem
375 398 487 452 contre
508 410 607 474 quam
627 391 747 454 exinde
772 389 866 453 litem
887 391 1069 455 intuleritis
1089 403 1122 456 et
1137 397 1228 478 quod

103 475 305 562 repecieritis
323 474 496 538 vendicare
517 494 584 535 non
599 473 743 540 valeatis.
784 474 876 537 Dicis
903 476 959 542 ita.
985 476 1080 544 Dieo.
1118 479 1227 540 Trade

104 561 184 623 hnic
213 559 251 620 ed
276 557 445 642 proprium
468 565 501 618 et
528 557 607 618 lrutc
629 557 756 619 noterio
783 557 825 618 ad
852 558 1074 626 scribendum.
1121 562 1173 622 Da
1194 561 1229 622 ei

103 641 304 707 launechild.
346 640 450 736 'Modo
476 639 633 736 sparpite.
658 639 722 736 llic
749 659 862 702 omnes
889 661 947 702 ros
974 662 1056 725 rogo
1082 652 1229 726 tangere.

100 725 479 894 &delddcprlsmelleadcsdndl
498 722 1229 894 'lietoldiadllloizltiddllglelllssddrpiledlomm

497 953 625 1016 Noticia
652 951 694 1014 de
718 953 832 1022 banno.

184 1069 310 1138 XXIII.
352 1069 503 1150 Qualiter
526 1068 563 1130 lit
585 1067 705 1132 noticia
729 1070 769 1132 de
789 1069 899 1134 banuo
917 1069 1017 1134 misso
1043 1091 1227 1156 supertes.

100 1158 219 1218 Doone
241 1155 367 1232 Comes,
384 1151 449 1216 hoc
472 1152 553 1216 dicit
565 1153 675 1231 Petro,
716 1154 782 1214 uod
802 1154 901 1216 habet
918 1164 951 1217 et
972 1164 1063 1217 tenet
1078 1155 1118 1215 ud
1130 1175 1228 1216 anam

101 1238 333 1322 proprietatem
357 1257 421 1315 res,
437 1257 502 1380 (Ine
516 1245 593 1299 suut
607 1234 641 1295 iu
664 1173 722 1296 tali
735 1237 820 1316 loeo,
843 1248 877 1300 et
892 1236 992 1298 habet
1015 1236 1226 1300 coherentias

100 1322 193 1398 tales,
212 1320 285 1382 etsi
304 1319 423 1401 uliquis
468 1340 540 1382 orno
559 1324 617 1394 cst,
631 1318 689 1401 qni
707 1318 783 1381 iude
803 1321 862 1383 vul
874 1319 1001 1404 aliquid
1022 1319 1143 1397 dicere,
1165 1341 1224 1402 pa·

99 1413 187 1466 ratus
209 1412 257 1464 est
278 1425 353 1464 curu
374 1423 413 1464 eo
436 1401 554 1463 exinde
576 1401 615 1462 ad
643 1399 803 1464 rationem
825 1403 932 1472 smodi
957 1413 993 1466 et
1017 1402 1163 1486 legitime
1185 1401 1226 1460 li-

101 1484 233 1547 nIendi:
256 1484 313 1546 sed
363 1483 426 1548 uod
447 1483 521 1568 plus
542 1492 591 1546 est
611 1483 722 1565 querit
742 1484 775 1546 et¹
795 1485 853 1548 vol
872 1496 910 1548 ut
927 1507 986 1556 ves
1006 1486 1125 1549 Donue
1154 1486 1223 1545 Co·

99 1590 168 1630 mes
192 1564 324 1628 mittetis
373 1587 495 1628 annom
521 1586 619 1649 snper
647 1589 681 1628 se
711 1575 744 1628 et
767 1587 867 1652 super
887 1568 973 1651 ipses
1005 1589 1056 1628 res
1085 1577 1222 1650 propter

100 1654 206 1713 Deum
230 1660 262 1713 et
286 1650 391 1713 anime
411 1649 522 1712 Donni
548 1647 754 1732 Imperatoris
781 1671 817 1712 ac
838 1651 937 1713 vestri
958 1649 1154 1728 mercedem,
1180 1660 1220 1712 ut

100 1735 213 1795 nullus
236 1731 400 1816 quidlibet
429 1731 526 1794 homo
561 1753 636 1793 enm
666 1732 708 1795 de
737 1729 891 1815 predictis
919 1733 1016 1794 rebus
1047 1732 1219 1796 disvestire

49 1851 60 1866 ι
97 1828 263 1899 presumat
292 1815 361 1877 siue
390 1814 486 1898 legali
514 1814 647 1877 iudIcio.
707 1815 774 1896 Qui
798 1838 877 1880 vero
902 1817 1020 1879 fecerit
1043 1823 1221 1898 componat

98 1900 190 1961 mille
217 1899 398 1960 mancusios
419 1919 533 1960 aureos
558 1897 712 1961 medietas
736 1919 865 1962 camere
894 1898 1004 1961 Donni
1035 1899 1219 1980 Imperato-

98 1983 143 2044 ris
175 1992 208 2044 et
230 1981 382 2045 medietas
406 1980 468 2066 ipsi
491 1990 524 2042 et
550 1981 616 2044 suis
643 1980 790 2046 heredes.
850 1981 954 2048 Mittis
974 1981 1021 2044 ita
1041 1981 1219 2044 bannum?

78 2065 203 2145 Mitto.
245 2063 408 2152 Preclpite
431 2063 501 2127 fieri
520 2063 682 2130 noticiam.
