2676 4976
466 312 746 367 Annuunvtnses
1090 295 1162 367 513

78 463 105 524 in
125 456 313 542 unuquisque
334 463 453 536 septem
476 452 517 512 ad
538 453 591 514 die
615 453 726 516 stantis
757 453 998 536 qualecumque
1033 473 1165 537 operam

77 544 150 604 mihi
167 541 333 623 legitemam
357 536 547 613 iniunxeris,
569 538 675 597 facere
698 536 922 596 debiassemus.
965 536 1047 596 Cum
1061 557 1164 599 annos

80 636 175 687 tantus
189 621 315 702 compliti
331 619 464 694 fuerint,
480 639 531 678 res
548 628 667 680 vestras
687 619 836 678 redibere
854 619 975 694 debias,
991 628 1023 679 et
1040 617 1166 680 cautio-

83 731 145 768 nem
163 727 248 766 meam
267 700 411 784 recipere
433 701 557 762 faciam.
577 704 619 763 Et
640 701 666 762 si
681 701 799 762 exinde
822 701 861 761 dc
888 702 956 784 ipsa
978 723 1086 784 opera,
1110 711 1166 762 aut

84 791 119 849 dc
135 789 201 871 ipsas
217 807 259 846 res
273 785 311 844 ad
328 786 397 865 ipso
416 783 535 865 placito
553 784 719 866 negligens
736 781 844 842 tardus
865 783 1032 860 fuero‚aut
1053 783 1165 845 volun-

84 883 139 932 tate
156 879 241 931 vestra
260 867 378 927 exinde
403 888 467 925 nou
491 865 659 937 babuero;
694 874 771 925 tunc
799 887 849 925 me
873 875 997 926 constat
1018 887 1070 927 res
1091 887 1164 927 ves·

84 964 139 1013 tras
156 952 182 1011 iu
201 950 329 1032 duplum
352 948 480 1018 debiam
501 969 568 1010 esse
589 947 792 1026 redditurus,
811 958 871 1008 'aut
893 948 1002 1027 vobis,
1032 955 1090 1009 aut
1110 948 1164 1009 cui

85 1035 204 1097 cautione
223 1033 278 1094 ista
301 1031 432 1092 dederis
455 1029 495 1092 nd
518 1031 692 1113 eroganda.

457 1161 575 1246 Incipit
594 1163 758 1227 securitas.

142 1275 319 1344 XXXVIII.
363 1277 433 1358 Ego
455 1276 543 1338 enirn
564 1274 623 1341 illi.
665 1278 749 1354 Quia
777 1275 851 1336 dum
877 1289 1016 1341 nonest
1045 1280 1160 1363 incog-

69 1349 176 1438 nitum,
203 1359 341 1440 qualiter
368 1360 494 1440 aliquos
527 1358 642 1435 bomo,
672 1381 789 1420 nomen
822 1359 890 1435 illi,
922 1370 953 1423 et
981 1362 1058 1444 qnia
1085 1374 1159 1424 ante

73 1444 119 1505 bos
137 1442 198 1504 dies
219 1442 331 1503 hahuit
356 1442 671 1524 interpellationem,
694 1442 768 1502 dum
795 1441 930 1522 dicerit,
959 1445 1050 1525 quasi
1072 1466 1159 1507 casus

71 1546 117 1586 sua
134 1525 321 1606 infregisset,
345 1533 378 1584 et
406 1545 457 1585 res
478 1545 550 1584 suas
571 1523 688 1584 exinde
711 1523 907 1604 deportassit.
950 1527 1044 1587 Unde
1061 1537 1094 1587 et
1114 1527 1162 1610 ip-

70 1608 92 1670 si
113 1607 156 1668 illi
175 1607 296 1685 habuit,
319 1617 357 1668 ut
374 1607 437 1667 boc
463 1606 497 1665 in
519 1606 650 1667 basilica
671 1606 771 1667 sancti
796 1607 884 1666 illius
906 1608 991 1688 apud
1013 1608 1160 1670 homines

69 1699 157 1751 tantus
177 1690 349 1750 coniurare
379 1689 521 1754 deberet.
563 1688 628 1749 Sed
653 1689 826 1750 metuentis
853 1690 945 1750 bonis
974 1689 1160 1752 bominibus

70 1793 113 1833 eos
134 1772 339 1834 concordiare
367 1772 528 1833 dixerunt.
578 1772 620 1832 Et
644 1770 671 1831 si
706 1773 899 1854 recognovi,
938 1781 971 1832 ct
1002 1772 1035 1832 in
1064 1774 1158 1833 nullo

68 1855 147 1916 modo
167 1855 330 1936 culpabile
353 1854 470 1916 exinde
493 1854 562 1936 ipso
576 1874 641 1912 nou
665 1851 802 1931 invenit,
832 1854 985 1914 convenit
1005 1866 1042 1916 ut
1062 1877 1160 1915 manu

68 1959 113 1996 sna
134 1938 245 1998 exinde
268 1939 378 1998 facere
401 1937 544 2014 deberet,
566 1935 654 2016 quod
675 1935 719 1996 ita
741 1945 773 1996 et
800 1937 888 2010 fecit,
913 1946 949 1996 ut
970 1938 1061 1998 nullo
1084 1959 1157 1996 urn-

67 2041 147 2100 quam
165 2031 310 2102 tempore
331 2028 441 2079 contra
462 2018 539 2102 ipsis
560 2019 651 2078 nulla
672 2018 842 2096 calumnia,
866 2039 971 2099 neque
989 2020 1159 2102 repeticio·

68 2104 216 2164 nefacere
239 2124 309 2162 non
334 2101 459 2178 debeas,
481 2101 561 2179 sed,
583 2101 665 2162 sicut
695 2100 783 2179 dixi,
815 2100 944 2183 quietus
966 2111 999 2164 et
1025 2123 1158 2166 securus

66 2183 190 2247 residias.
230 2187 273 2247 Et
296 2183 326 2246 si
347 2183 445 2245 fuerit
466 2193 520 2244 aut
542 2205 602 2268 ego
624 2182 685 2266 ipsi
708 2193 768 2248 etc.

303 2361 307 2366 -
372 2317 491 2399 Incipit
511 2317 609 2376 cessio
629 2317 681 2391 (in
703 2313 834 2395 dotem).

130 2427 292 2493 XXXIX.
335 2431 526 2493 Dulcissimo
556 2439 681 2492 etcum
703 2431 829 2513 integro
852 2451 959 2494 amora
988 2432 1154 2519 diligenda

61 2531 158 2592 sponsa
178 2535 248 2575 mea
272 2535 391 2575 nomen
414 2514 482 2591 illa,
505 2535 563 2595 ego
585 2514 646 2590 illi,
668 2514 754 2574 filius
775 2515 873 2577 illius.
914 2518 999 2576 Dum
1015 2540 1078 2578 non
1100 2519 1154 2580 ha·

60 2592 141 2654 betur
165 2596 378 2680 incognitum,
400 2597 457 2658 sed
480 2596 583 2679 pluris
604 2595 739 2658 babetur
759 2600 933 2680 cognitum,
964 2603 1103 2679 qualiter
1121 2615 1154 2666 te

61 2679 219 2739 secundum
247 2685 323 2762 lege
353 2681 496 2739 Romana
523 2689 701 2760 sponsatam
732 2680 819 2741 visus
847 2703 917 2742 sum
943 2681 1081 2762 babere,
1117 2687 1151 2746 iu

61 2759 157 2822 animis
178 2762 261 2823 meis
279 2761 408 2844 plenius
429 2761 577 2839 tractavi,
608 2770 645 2821 ut
664 2762 725 2823 tibi
745 2762 868 2842 aliquid
892 2766 931 2825 dc
954 2786 989 2824 re
1017 2787 1153 2849 pauper·

59 2841 171 2903 taticola
193 2866 269 2906 mea
290 2845 459 2904 concidere
495 2843 647 2909 debirem.
676 2845 764 2924 quod
788 2845 886 2904 itaet
912 2847 992 2922 feei,
1015 2849 1076 2909 hoc
1104 2860 1152 2912 est
1199 2885 1201 2892 s

58 2924 125 2984 cedo
150 2927 207 2987 tibi
224 2927 370 2986 membro
391 2927 430 2986 de
453 2945 522 2986 casa
539 2947 612 2986 cum
633 2927 750 2987 mobile
776 2936 808 2986 et
830 2926 1004 3005 immobile,
1027 2930 1058 2988 in
1077 2933 1150 2989 fun-

58 3004 92 3063 do
110 3006 162 3068 illa
184 3010 287 3086 villa,
318 3025 414 3090 super
436 3009 642 3068 terraturium
675 3008 776 3070 sancti
803 3007 912 3084 illius,
940 3030 1013 3070 cum
1034 3012 1149 3076 villare

56 3088 100 3146 vel
121 3112 209 3154 omne
232 3091 466 3152 circumcineto
495 3113 563 3169 suo,
586 3092 674 3151 iuxta
696 3111 769 3151 caso
799 3088 898 3166 illius,
919 3092 1004 3153 lecto
1020 3095 1147 3172 vestito,

57 3171 270 3234 vestimentum
290 3184 424 3251 tantum,
445 3173 653 3235 fabricaturas
674 3173 706 3232 in
732 3172 858 3233 soledus
878 3182 1001 3251 tantus,
1023 3178 1149 3237 manci-

55 3251 100 3329 pia
118 3261 220 3335 tauta,
244 3257 295 3318 bis
321 3256 512 3316 nominebus
538 3257 614 3316 illus
641 3263 673 3316 et
695 3255 783 3331 illus,
806 3254 904 3317 boves
927 3256 1045 3334 lautus,
1068 3282 1145 3322 vac-

55 3353 98 3393 cas
121 3346 219 3400 tantas
242 3361 317 3400 cum
337 3339 506 3420 sequentis
526 3339 634 3415 tantis,
657 3338 727 3400 ovis
749 3346 865 3414 tant-us,
888 3340 999 3402 solidis
1025 3350 1144 3419 tantus,

55 3436 152 3502 campo
179 3444 256 3482 cum
280 3421 359 3484 silva
379 3424 519 3481 ferentes
541 3421 666 3481 modius
689 3429 811 3490 tantus3
835 3420 875 3480 de
894 3444 978 3484 unus
1000 3423 1084 3485 lutus
1097 3437 1146 3488 est

55 3519 169 3582 campus
190 3505 306 3565 illius:
343 3503 430 3565 vinia
457 3503 562 3564 luctus
588 3513 715 3580 tantus,
746 3504 785 3564 de
806 3523 890 3566 unus
913 3506 996 3567 lutus
1023 3517 1071 3568 est
1091 3511 1143 3569 vi-

54 3579 227 3662 nialillius:
257 3595 347 3666 prato
379 3585 483 3646 iactus
509 3595 627 3647 tantus.
668 3588 754 3647 Haec
780 3588 887 3646 omnia
906 3589 1054 3671 superius
1082 3613 1144 3650 no..

54 3665 159 3727 minata
179 3669 221 3730 ad
251 3669 302 3729 die
332 3668 515 3730 felicissimo
538 3669 724 3750 nuptiarum
748 3668 810 3730 boc
839 3671 878 3730 ad
900 3670 952 3731 die
973 3683 1143 3755 praesente

52 3741 155 3811 habeas
177 3746 384 3829 concessum,
407 3751 483 3812 dum
504 3751 684 3828 advixeris,
710 3752 944 3834 perpetualiter
972 3755 1012 3816 ad
1035 3777 1142 3816 usum·

52 3828 215 3893 fructuario
240 3833 285 3894 'ad
303 3833 548 3917 possedendum,
570 3833 689 3915 absque
719 3834 917 3916 praeiudicio
949 3837 1072 3910 (sancti
1098 3841 1140 3897 il-

50 3907 124 3993 lius)
142 3915 233 3979 cuius
253 3925 358 3979 terrae
380 3937 447 3978 esse
468 3916 606 3982 ridetur.
646 3915 681 3977 Si
701 3935 791 3995 vero,
810 3917 981 4000 quodlicri
996 3932 1141 3992 nouetc.

394 4048 512 4131 Incipit
530 4049 578 4108 ius
599 4043 778 4113 liberorum.

119 4158 184 4222 XL.
226 4161 420 4225 Dulcissimo
442 4172 474 4224 et
495 4181 568 4222 cum
585 4161 720 4242 integro
737 4182 843 4224 amore
865 4161 1030 4248 diligendo
1049 4163 1137 4230 ioca·

50 4236 75 4296 le
97 4261 163 4304 tneo
184 4246 256 4318 illo,
280 4247 344 4312 illa.
386 4246 520 4308 Saucia
540 4243 600 4305 Dei
623 4244 753 4306 nomine
775 4255 883 4308 niente
904 4265 1138 4334 sanoquecon·
1187 4269 1188 4272 ’
1267 4241 1268 4246 ¹

846 4364 894 4432 33
