2684 4990
224 1127 808 1266 QUAESTIONES
845 1129 951 1238 Ac
1003 1126 1251 1238 MONITi

274 1392 447 1452 VETERUM
467 1388 771 1448 lURISPERITORUM
787 1390 827 1444 IN
845 1388 957 1445 LEGES
978 1385 1226 1478 LittGoutRmcts

356 1553 412 1618 Ex
434 1548 604 1612 Codicibus
624 1547 703 1615 Mss.
724 1545 952 1610 Ambrosianae
975 1547 1190 1640 Bibliothecae.»

455 1725 675 1782 uertice.
710 1721 775 1776 Cu.
816 1720 1090 1775 Mcrrrorrt.

200 1877 203 1883 ¹
224 1845 402 1961 leguminis
419 1884 609 1942 Ambrosianis
628 1881 774 1934 Codicibus
801 1885 878 1941 Mes,
900 1882 1123 1950 Langobardicas
1140 1885 1201 1952 Leges
1215 1901 1255 1934 ton·

222 1961 419 2032 plectentibus,
438 1967 507 2029 quos
523 1971 581 2005 una
600 1969 659 2004 cura
675 1949 756 2006 editis
771 1951 911 2002 contulere
926 1953 1047 2004 consilio
1074 1972 1125 2007 meo
1147 1956 1254 2005 coniunctis-

221 2033 285 2083 simi
303 2025 418 2082 Palatini
438 2025 520 2086 Socii,
540 2036 567 2076 et
582 2039 640 2074 una
657 2022 770 2074 cumeis
789 2020 928 2090 Philippus
950 2024 1098 2089 Asgelatos,
1114 2024 1255 2094 praeponeban-

223 2113 272 2153 tur
290 2097 417 2151 Iuridica
433 2093 569 2168 quaedam
583 2093 755 2162 fragmenta,
776 2107 891 2159 quorum
908 2101 976 2160 pars¹
998 2105 1104 2162 aspectu
1123 2095 1190 2160 primo
1209 2092 1256 2143 ebt·

222 2169 302 2291 qibus
316 2185 457 2239 nunquam
478 2177 562 2217 antea
582 2159 664 2214 editis
692 2159 816 2228 conflata
840 2157 1001 2213 videbatur.
1040 2164 1072 2215 Ut
1093 2163 1138 2212 illa
1157 2163 1191 2212 snb
1207 2162 1257 2210 oculis

243 2239 326 2296 abui,
348 2237 520 2294 innumeris,
537 2249 624 2302 paene
640 2228 720 2290 dixi,
740 2231 902 2280 intermixta
917 2229 1046 2292 mendis,
1064 2233 1152 2300 quibus
1166 2227 1258 2281 Codicesii

222 2303 423 2368 abundabant,
443 2304 572 2357 intellexi
590 2318 647 2351 non
660 2300 743 2367 Leges
760 2300 822 2352 illic
838 2298 936 2352 baberi
944 2339 955 2360 ‚
974 2299 1027 2354 scd
1038 2303 1131 2370 Legum
1151 2303 1257 2366 interprete·

222 2379 330 2436 tiones,
349 2374 594 2455 quaestiunculas,
614 2383 640 2420 et
656 2371 782 2429 monito,
802 2386 874 2439 quae
892 2372 924 2420 in
937 2367 1034 2432 suum)
1055 2383 1101 2422 out
1113 2372 1256 2420 tironnnrnn

222 2446 385 2512 iurisperiti
403 2442 513 2495 rudium
530 2440 683 2494 seculorum
708 2439 811 2508 scripta
838 2438 1025 2508 reliquerant.
1057 2441 1143 2510 Neque
1158 2436 1258 2489 iaecobii·

225 2510 325 2568 ciendo
338 2529 396 2562 sum
410 2525 498 2563 ratus.
532 2511 626 2562 Nimia
640 2507 718 2560 nobis
732 2506 887 2578 dederunt,
907 2521 935 2560 et
949 2509 1041 2564 adbuc
1062 2509 1126 2561 dant
1144 2527 1155 2560 e
1169 2525 1203 2556 suo
1216 2522 1269 2572 qun¹

225 2584 394 2636 recentiores
403 2582 503 2649 legum
515 2580 602 2648 periti
609 2595 616 2644 3
637 2573 706 2628 adeo
721 2596 783 2630 uero
794 2596 886 2647 pauca
901 2596 936 2629 esc
952 2583 1081 2652 antiquis
1096 2581 1147 2631 illis
1159 2585 1258 2643 supersunt,

224 2665 256 2703 ut
272 2651 313 2703 uel
328 2667 421 2702 eorum
438 2649 603 2722 quisquilias
622 2664 749 2708 seruare,
768 2661 982 2718 cunctorumque
1005 2652 1092 2703 oculis
1112 2662 1224 2716 supponere
1238 2644 1260 2691 in

224 2718 370 2774 ridendum
386 2722 495 2771 minime
508 2720 553 2770 sit.
588 2719 635 2770 En
649 2733 734 2784 ergo,
753 2734 824 2786 quae
840 2736 874 2769 erc
894 2723 1036 2788 corruptis
1049 2723 1085 2771 iis
1097 2715 1225 2788 fragmentis
1236 2728 1259 2760 se·

226 2807 339 2844 cernere
353 2792 447 2859 potui,
466 2803 550 2860 atque
568 2787 736 2838 intellexisse
759 2785 957 2858 quodammodo
972 2789 1043 2842 milti
1056 2794 1128 2842 visus
1139 2803 1196 2842 sum,
1209 2798 1260 2831 enet-

225 2858 300 2934 tlatis
316 2857 460 2984 thtmtaxat
479 2856 717 2928 manifestioribus
731 2859 841 2910 erratis.
875 2858 995 2932 Reliqua
1010 2879 1063 2930 pro
1076 2853 1259 2912 sucarbittionr·

226 2943 303 3000 regat
344 2941 428 2986 ector.

558 3095 688 3160 Quaestio
713 3092 746 3148 de
771 3095 844 3165 Lege
866 3096 1004 3164 Romana..
1070 3120 1074 3125 ’

293 3231 398 3295 Homo,
417 3229 466 3300 qui
483 3228 519 3283 td
535 3229 669 3282 Placitum
688 3229 800 3282 wadiam
818 3231 937 3295 dederit,
964 3241 993 3286 et
1009 3229 1155 3286 nonhabet
1173 3222 1256 3296 bdeiosr

223 3311 397 3374 subpartitur,
418 3301 513 3354 Comes
533 3299 755 3371 comprehendat,
775 3311 803 3354 et
820 3300 903 3356 faciat
920 3301 1028 3357 mittere
1044 3305 1072 3355 in
1090 3313 1213 3356 struerent
1225 3305 1255 3361 qu

224 3372 281 3425 Lex
299 3375 417 3423 tremant
436 3369 583 3440 praecepit.
644 3427 649 3440 ‚

294 3473 322 3526 Si
340 3474 401 3544 quis
419 3473 588 3526 fideiussores
606 3490 662 3526 non
679 3472 823 3537 habuerit,
850 3474 889 3528 sic
908 3474 992 3530 debet
1007 3473 1092 3528 iurare
1116 3473 1181 3524 iuxta
1198 3463 1257 3515 indict·

222 3553 299 3599 tum:
333 3546 397 3596 Post
414 3544 554 3596 decessum
574 3542 613 3594 ill.
633 3543 769 3610 genitricis
786 3562 863 3598 meae
880 3563 970 3598 mcum
988 3546 1117 3616 proprium
1141 3557 1187 3592 esse
1205 3532 1256 3604 debet

223 3622 252 3668 et
269 3614 341 3666 malo
367 3614 460 3666 ordine
486 3631 541 3666 non
568 3613 707 3667 devestivi.
744 3615 822 3666 Tunc
845 3615 927 3668 vadat
953 3616 988 3668 ad
1011 3625 1144 3668 certamen.
1180 3601 1256 3675 Quodn

222 3684 293 3738 utile
311 3683 408 3745 fuerit,
428 3683 502 3753 qu'od
519 3682 577 3751 ipse
595 3683 696 3734 femina
714 3684 848 3736 advectitii
866 3685 964 3747 suerit,
989 3695 1016 3738 et
1034 3687 1099 3738 alter
1114 3681 1144 3734 ad
1159 3675 1256 3746 captionem

222 3754 337 3816 venerit,
358 3761 385 3805 et
403 3761 598 3805 sacramentum
617 3751 705 3806 iacere
724 3753 838 3808 debeat:
858 3764 925 3808 tunc
943 3756 1018 3808 dicta
1035 3755 1127 3809 semina
1142 3750 1209 3806 dicat,
1223 3750 1257 3820 qut

222 3825 300 3878 iuxta
317 3822 392 3877 istud
409 3822 563 3876 iudicatum
580 3822 709 3878 investita
724 3822 785 3877 tuit
813 3825 916 3878 Tamen
925 3844 981 3879 non
991 3825 1071 3878 debet
1079 3825 1159 3876 dicere
1167 3822 1256 3886 propotu.

294 3925 466 3998 Supercessio
482 3925 505 3996 l)
524 3925 592 3991 Lege
611 3925 709 3978 salica.
747 3925 775 3979 Si
795 3925 859 3980 blim
877 3927 958 3981 homo
973 3928 1120 3985 decesserit,
1138 3905 1257 3990 etreliqtril

223 3997 310 4052 filium
328 4008 356 4051 et
374 3997 468 4060 filiam,
488 3995 639 4068 aequaliter
656 3996 813 4054 succedant.
848 3999 883 4051 Et
900 3999 922 4052 si
939 3999 1077 4071 reliquerit
1089 3996 1163 4048 filiurn
1174 3997 1194 4040 et
1202 3984 1255 4035 bitu

222 4103 516 4118 ffl—

260 4158 286 4227 l)
304 4157 355 4211 Pto
382 4155 521 4210 Successit)
526 4193 538 4217 ,
571 4153 627 4208 sive
666 4154 776 4208 ordine·
881 4159 990 4214 librario
1020 4151 1182 4216 indoctissimo
1206 4134 1256 4194 llll'

312 4224 487 4280 succedendi.
509 4225 570 4281 Vox
589 4225 712 4290 maneta,
733 4233 762 4280 et
883 4230 962 4284 ende.
