2734 4990
510 290 756 358 sistendi-insts
1112 289 1183 364 495

81 447 126 506 tio
150 443 283 506 ubi'ait:
317 443 412 508 Orate
433 445 536 504 cuncti
554 465 615 527 pro
643 445 791 521 invicem,
821 455 855 504 ut
882 464 986 504 omnes
1013 448 1184 515 saloeruini.

82 529 147 590 Nos
174 536 279 588 autem
305 535 459 608 repente,
485 525 568 586 sicut
599 548 666 585 mos
699 535 767 601 est,
801 525 934 586 loricam
958 528 1063 590 induti
1087 533 1184 608 fidei,

84 610 220 691 sumptis
244 607 349 669 salutis
370 609 491 688 galeam
515 629 589 668 cum
622 607 812 668 humilitatis
840 608 971 687 spiritu,
999 633 1084 672 arma
1112 635 1186 674 ora·

86 694 214 753 tionum
239 690 420 766 sumsimus,
450 698 486 748 ut
508 691 587 751 certi
621 689 741 750 Christi
768 690 902 766 milites,
939 690 972 748 in
999 695 1111 773 agonia
1128 719 1185 776 pu·

88 777 170 834 riter
193 771 326 848 muniti,
354 771 499 852 undique
529 772 663 831 firmiter
696 773 791 831 simul
820 793 928 832 omnes
963 777 1110 836 venimus
1137 798 1186 837 or·

92 857 197 916 dinata
226 855 309 930 acie,
340 854 534 934 belligerare
566 858 755 934 coepimus,
789 855 861 913 lesu
893 855 1020 916 Christo
1046 859 1185 920 Domino

92 947 196 998 nostro
215 958 270 1017 pro
297 936 389 996 vohis
416 958 527 1016 preces
550 937 715 996 fundimus
739 936 771 994 in
799 936 900 996 Missis
920 939 1128 1016 specialibus,
1150 942 1184 1000 in

92 1019 274 1100 psalmodiae
314 1018 349 1076 iu
385 1019 517 1079 canticis
536 1019 766 1100 spiritalibus,
796 1016 829 1078 in
863 1021 959 1079 sacris
988 1022 1186 1084 orationibus

92 1101 292 1181 inquantum
323 1109 431 1160 nostra
459 1101 568 1160 valens
588 1110 633 1161 est
659 1100 796 1182 parvitas
818 1099 872 1180 pio
894 1101 1020 1160 affectui
1050 1105 1187 1165 viriliter

91 1183 268 1244 certavimus
295 1192 330 1242 et
357 1191 503 1263 optamus
522 1185 628 1243 facere
643 1208 651 1254 ;
683 1193 719 1241 ut
744 1204 798 1242 vos
819 1182 879 1242 Dei
906 1183 1004 1262 pietas
1026 1207 1084 1265 per
1106 1189 1187 1246 mul-

88 1275 114 1324 ta
139 1264 269 1344 quidem
288 1264 392 1324 lustra
412 1285 637 1344 annorumque
661 1264 821 1326 curricula
839 1263 872 1322 in
889 1286 965 1345 pace
981 1277 1106 1330 sauctae
1123 1270 1184 1330 Dei

83 1345 240 1407 Ecclesiae
260 1347 457 1406 incolomem
472 1347 630 1407 custodiat
647 1358 679 1406 et
700 1357 770 1428 post
791 1347 886 1406 vitam
905 1359 1067 1408 aeternam
1093 1351 1184 1414 istius

81 1428 264 1509 ingloriam
284 1429 444 1491 conlocet.
465 1431 596 1490 Peracta
621 1431 727 1488 omnia
742 1449 877 1507 namque
901 1428 989 1506 hacc,
1011 1433 1051 1491 ad
1073 1434 1183 1493 divina

80 1510 243 1572 veniamus
267 1511 423 1590 eloquia,
453 1511 491 1570 de
522 1533 584 1592 qua
615 1511 743 1570 haurire
778 1511 934 1591 possimus
964 1514 1182 1576 consolatione

77 1592 202 1673 optima.
246 1591 426 1652 Audiamus
452 1593 591 1673 primum
612 1593 804 1672 Prophetiam
825 1593 1057 1652 sanctissimum
1079 1599 1184 1658 virum

77 1674 376 1756 prudentissimum,
390 1675 670 1756 psalmigraphum,
681 1673 837 1734 humilem
863 1673 1111 1756 cytharizantem
1125 1701 1184 1761 per

78 1756 237 1838 cytharam
253 1765 425 1838 praecepta
441 1757 580 1816 melitlua
594 1759 639 1818 sic
659 1757 750 1818 nohis
762 1756 955 1838 alloquitur:
969 1760 1054 1816 Mihi
1068 1775 1181 1835 autem,

76 1841 135 1914 ait,
166 1839 347 1899 adhaerere
374 1841 442 1897 Deo
474 1840 583 1899 bonum
607 1853 660 1898 est.
715 1841 750 1898 lu
786 1839 933 1899 omnibus
959 1861 1047 1920 spem
1080 1863 1182 1900 meam

77 1921 193 2001 ubique
216 1921 334 2003 ponite
357 1921 389 1978 in
412 1923 559 1985 Domino.
602 1923 644 1982 Et
670 1942 812 1981 rursum:
842 1922 925 1980 lacta
946 1931 1037 1980 tuum
1059 1925 1182 2004 cogita-

76 2013 140 2061 tum
161 2025 297 2084 semper
323 2003 357 2060 in
379 2003 528 2080 Domino,
551 2013 583 2064 et
602 2004 668 2083 ipse
689 2014 719 2062 te
740 2003 880 2062 enutriet
905 2003 1051 2064 dulciter.
1092 2007 1182 2066 ldem

77 2085 140 2165 ipse
169 2085 301 2165 inquit:
330 2084 454 2144 Bonum
479 2095 543 2162 est,
577 2106 673 2146 suave
707 2095 754 2144 est
788 2085 878 2160 milri,
909 2087 1063 2163 Domine,
1093 2089 1182 2168 quod

76 2165 253 2227 humiliasti
277 2189 338 2231 me.
379 2170 426 2227 De
447 2189 511 2248 quo
536 2168 700 2249 seqnitur:
725 2169 847 2226 Bonum
874 2165 952 2224 mihi
975 2171 1027 2227 lex
1049 2171 1112 2229 oris
1133 2171 1181 2230 tui

78 2269 171 2330 super
192 2250 300 2308 multa
321 2249 407 2309 milia
430 2250 553 2329 argenti
575 2261 608 2309 et
628 2249 708 2312 auri,
760 2250 920 2330 Scriptum
942 2249 1077 2329 legimus
1105 2254 1181 2332 quia

74 2351 221 2411 praesens
244 2342 414 2412 paupertas
435 2331 551 2390 suturis
568 2332 688 2390 divitiis
711 2331 943 2412 compensanda
964 2335 1013 2395 sit.
1056 2334 1090 2392 ln
1109 2356 1167 2392 can

79 2412 140 2471 tico
170 2414 298 2473 dicitur
314 2415 448 2473 Annae:
482 2414 650 2473 Dominum
671 2434 841 2495 pariperem
857 2414 941 2493 sarit
962 2427 992 2472 et
1011 2415 1106 2475 valde
1133 2415 1181 2474 di-

81 2507 138 2564 tat;
169 2494 325 2554 humiliat
348 2518 407 2577 pro
440 2494 598 2575 peccatis,
627 2497 682 2554 sed
704 2496 809 2554 statim
832 2495 978 2555 sublevat
1001 2518 1058 2576 per
1084 2499 1180 2558 mise-

79 2576 261 2637 ricordiam.
307 2579 398 2638 Unde
423 2577 539 2636 iterum
568 2577 725 2657 psalmista
747 2577 891 2637 cohortat
916 2598 972 2636 nos
996 2580 1181 2659 peremnia

82 2657 208 2719 dicensi
230 2660 391 2720 Dominus
414 2680 464 2717 me
494 2658 593 2739 regit,
617 2657 743 2718 etmihi
771 2659 853 2719 nihil
877 2659 989 2736 deerit,
1013 2670 1044 2720 et
1068 2662 1182 2723 conlo-

81 2739 162 2800 cavit
188 2763 241 2801 me
264 2742 299 2800 in
324 2741 395 2802 loco
415 2761 548 2821 pascuae
575 2761 671 2821 super
698 2741 881 2800 refectionis
912 2763 1008 2820 aquas
1030 2765 1182 2804 me—-

81 2820 159 2881 Haec
186 2825 373 2883 auscultans
395 2821 543 2903 egregius
572 2822 770 2903 praedicator
791 2823 962 2902 Apostolus
989 2825 1063 2882 tuba
1086 2827 1181 2886 mira·

81 2902 151 2963 bilis
174 2907 280 2965 nostri
302 2907 351 2966 sin
373 2901 414 2949 ἓ-
434 2939 474 2948 ·-
496 2904 565 2963 ibus
587 2904 686 2962 mittit
709 2924 741 2962 se
774 2904 805 2962 in
831 2905 937 2963 medio
964 2905 1100 2984 pulchra
1132 2929 1183 2966 eo-

82 2985 178 3044 nectit
199 2987 344 3070 eloquia,
367 2988 406 3046 de
430 3007 492 3066 qua
516 3007 572 3065 pro
596 2985 731 3066 loquens
753 2985 804 3044 dic
825 3018 1100 3033 —————
1128 3009 1183 3046 um

83 3066 238 3144 optimum
266 3080 298 3130 et
319 3089 412 3128 omne
441 3068 560 3127 donum
586 3069 764 3148 perfectum
786 3066 952 3125 descendit
980 3067 1106 3148 epatre
1130 3069 1180 3127 lu·

83 3148 212 3216 minum.
258 3152 345 3210 Dicit
373 3150 506 3210 iterum:
545 3149 664 3208 Omnes
695 3147 753 3226 qui
788 3146 901 3206 volunt
928 3147 980 3226 pie
1012 3151 1122 3210 vivere
1148 3150 1182 3208 in

85 3229 206 3292 Christo
236 3235 308 3292 lesu
336 3230 619 3315 persequutionem
648 3230 824 3310 patiuntur.
867 3227 982 3288 Adhuc
1015 3231 1182 3290 subditur:

85 3313 161 3371 Cum
189 3315 279 3374 enim
301 3317 395 3375 homo
420 3313 560 3374 exterior
585 3311 748 3392 affligitur,
770 3319 848 3371 tunc
873 3310 929 3370 ille
949 3311 1010 3390 qui
1032 3313 1116 3376 intus
1136 3321 1184 3374 est

83 3397 223 3473 perfecte
253 3407 441 3457 renovatur:
471 3394 547 3475 quia
570 3396 645 3454 dum
667 3394 865 3453 infirmamur
892 3413 1044 3473 corpore,
1067 3402 1183 3475 poten-

84 3483 128 3536 tes
148 3499 257 3538 sumus
282 3478 406 3559 spirita.
448 3477 594 3536 Salvator
617 3475 762 3537 Christus
788 3475 944 3535 Dominus
971 3476 1010 3536 de
1032 3477 1183 3558 semetip-

85 3579 117 3615 so
138 3559 198 3619 ait:
224 3559 361 3640 Spiritus
387 3558 518 3641 quidem
538 3567 703 3638 prumptus
725 3567 789 3634 est,
812 3580 884 3617 caro
907 3567 1012 3617 autem
1045 3558 1179 3624 infirma.

85 3637 123 3697 Et
141 3640 244 3702 bonae
267 3643 437 3702 memoriae
466 3639 545 3699 dicit
573 3641 762 3721 Gregorius:
796 3642 888 3701 Tunc
905 3641 1001 3700 homo
1022 3642 1182 3722 perfectus

86 3729 130 3779 est
155 3745 230 3782 cum
251 3724 367 3803 plenus
389 3723 488 3783 fuerit
512 3721 659 3798 caritate,
682 3731 714 3780 et
741 3722 826 3781 unde
849 3723 971 3782 animus
989 3723 1113 3804 saepius
1132 3746 1182 3785 eo·

87 3801 158 3880 gitat
182 3805 358 3866 inclemens
380 3807 569 3884 frequenter
586 3803 726 3862 meditat.
756 3805 904 3864 ‘Oramus
925 3814 1018 3884 atque
1039 3814 1180 3886 optamus

87 3884 172 3945 vobis
196 3908 254 3966 per
280 3888 386 3946 omnia
407 3894 442 3944 ut
471 3887 558 3945 Deus
582 3884 668 3965 pacis
695 3896 728 3945 et
754 3886 892 3946 caritatis
924 3887 1098 3945 sanctificet
1124 3908 1178 3947 vos

87 3962 116 4020 iu
143 3967 289 4028 omnibus
308 3979 339 4030 et
360 3971 486 4048 integer
507 3966 636 4050 spiritus
657 3977 772 4044 vester,
792 3977 823 4028 et
843 3966 979 4048 reliqua.
1022 3967 1118 4044 Quod
1134 3967 1179 4052 ip·

87 4065 117 4104 se
135 4058 280 4129 praestet.

88 4203 298 4277 lmminutum.
340 4211 482 4294 idipsum
501 4221 607 4272 autem
633 4211 719 4292 quod
739 4209 893 4294 optimum
909 4209 1072 4294 habemus,
1093 4217 1178 4299 quod
