2734 4990
145 242 220 320 424
287 287 292 298 -
591 257 781 316 rosunum

318 395 473 464 Custode
495 397 716 464 Mundeburde
742 395 833 480 Regis
858 409 888 456 et
916 399 1085 483 Principis.
1132 470 1137 484 .

151 467 162 478 ·
228 512 403 584 XXXVII.
443 516 579 579 Rectum
603 524 652 578 est
673 523 709 576 ut
735 511 851 592 regalis
874 520 1014 598 potestas
1040 512 1104 590 illis
1132 512 1251 574 tuitio-

148 621 222 664 nem
243 598 405 683 impertiat
431 607 490 663 etc.
512 609 545 660 ut
567 617 662 682 supra
682 617 756 679 pag.
773 577 846 660 bor.

591 699 666 761 Alio
694 698 798 761 modo.

225 802 420 871 XXXVIII.
462 803 525 868 Ille
553 804 622 865 Rex
648 803 699 864 vir
726 804 863 865 inluster
888 803 1024 866 Domnis
1057 805 1183 868 Sanctis
1210 827 1252 868 ac

145 889 385 953 venerabilibus
416 889 450 949 in
480 885 607 948 Christo
633 885 777 971 patribus
807 885 955 948 omnibus
981 886 1167 972 Episcopis,
1191 891 1251 950 vel

145 971 293 1032 omnibus
313 970 498 1047 Abbatibus,
519 989 578 1030 seu
602 977 633 1030 et
652 965 840 1030 inlustribus
861 968 937 1030 viris
957 969 1112 1048 Ducibus,
1136 969 1251 1032 Comi-

144 1053 250 1130 tibus,
272 1052 427 1130 vicariis,
460 1050 679 1127 Centenariis,
707 1048 934 1113 vel‘omnibus
960 1052 1154 1134 Agentibus,
1188 1073 1251 1115 seu

145 1131 292 1196 omnibus
313 1131 416 1196 Missis
436 1131 553 1194 nostris
574 1129 848 1210 discurrentibus,
872 1132 922 1194 vel
949 1133 1097 1195 omnibus
1117 1134 1248 1217 paribus

146 1226 178 1278 et
197 1215 307 1278 amicis
329 1215 457 1292 nostris,
477 1222 541 1274 tam
562 1213 782 1295 praesentibus
799 1213 906 1294 'quarn
927 1213 1056 1293 suturis,
1076 1215 1159 1277 hene
1186 1237 1248 1276 cu·

143 1299 236 1386 piens
265 1305 379 1358 vester.
441 1297 624 1375 Comperiat
649 1294 834 1377 magnitudo
865 1317 923 1357 seu
942 1297 1109 1358 ¹industria
1140 1308 1248 1360 vestra

144 1381 233 1464 quod
256 1379 392 1442 veniens
414 1377 607 1442 venerabilis
624 1378 676 1440 vir
691 1378 759 1454 ille,
780 1377 869 1438 Abba
885 1379 924 1439 de
940 1380 1132 1440 Monasterio
1150 1381 1248 1441 Sane-

143 1465 170 1521 ti
193 1460 293 1537 illius,
315 1470 377 1521 tam
400 1481 435 1524 se
455 1481 552 1543 quam
576 1469 608 1522 et
628 1460 732 1544 ipsum
750 1460 977 1521 Monasterium
1000 1482 1074 1521 cum
1097 1462 1247 1524 omnibus

81 1541 84 1548 ’
142 1544 241 1606 rebus
266 1542 331 1604 suis
350 1542 393 1605 'ad
423 1561 536 1603 nosse
558 1542 687 1626 plenius
712 1535 960 1612 commendavit}
993 1553 1024 1603 et
1050 1565 1108 1606 nos
1137 1553 1248 1624 postea

69 1653 74 1661 ·
145 1633 290 1706 gratante
321 1625 429 1685 animo
455 1625 560 1718 ipsum
584 1624 802 1685 venerabilem
830 1625 936 1685 virum
966 1621 1058 1685 illum
1090 1626 1249 1689 Abbatem

145 1728 220 1774 eum
247 1706 316 1788 ipso
339 1707 534 1768 Monasterro
563 1705 616 1767 vel
641 1705 826 1767 hominibus
855 1705 974 1766 suiset
1002 1727 1112 1768 omnes
1138 1729 1249 1769 causas
1344 1722 1345 1737 ³

144 1812 217 1868 aguas
238 1787 418 1849 amabiliter
439 1787 499 1850 snb
524 1797 633 1849 nostro
660 1787 833 1870 recipimus
853 1787 1076 1851 mundeburde
1104 1792 1157 1851 vel
1188 1790 1248 1851 de-

143 1871 302 1933 fensione.
344 1871 486 1953 Ideoque
508 1871 681 1931 salutantes
702 1870 956 1952 magnitudinem
975 1891 1032 1932 seu
1056 1871 1248 1932 industriam

143 1963 293 2026 vestram,
310 1951 399 2013 vobis
418 1953 551 2012 omnino
568 1972 626 2034 per
642 1950 698 2013 has
719 1952 841 2013 litteras
864 1971 1013 2033 rogamus
1033 1961 1128 2034 atque
1150 1974 1247 2036 prae-

145 2035 282 2119 cipimus
307 2044 344 2095 ut
369 2034 480 2094 nullus
501 2054 541 2094 ex
562 2033 652 2096 robis
678 2035 740 2094 ianr
765 2033 887 2095 dictum
901 2033 1121 2096 venerabilem
1145 2035 1247 2097 Abba-

145 2124 221 2193 tem,
244 2116 297 2178 vel
319 2115 425 2198 ipsum
450 2116 696 2193 Monasterium,
726 2137 786 2178 nec
809 2114 974 2192 homines,
1004 2138 1064 2178 nec
1086 2138 1137 2178 res
1163 2139 1245 2194 suas,

145 2220 223 2280 quas
250 2198 290 2257 ad
311 2217 460 2278 praesens
480 2196 598 2260 habero
615 2197 754 2274 ridetur,
777 2198 830 2258 vel
854 2198 1003 2274 inantea,
1026 2198 1154 2260 Christo
1169 2221 1246 2282 pro·

143 2279 237 2365 pitio,
257 2298 317 2359 per
336 2278 429 2341 bonis
451 2279 635 2340 hominibus
657 2279 777 2341 ibidem
802 2279 964 2340 conlatum
982 2281 1082 2340 fuerit
1094 2326 1104 2358 ,
1137 2281 1247 2342 nullus

145 2359 326 2443 inquietare
356 2380 415 2421 nec
441 2361 656 2422 condemnare
685 2362 738 2422 vel
767 2361 892 2444 aliquid
913 2363 953 2422 de
982 2363 1079 2424 rebus
1098 2362 1165 2425 suis
1185 2363 1248 2423 mi-

67 2477 70 2482 ·
146 2462 249 2516 nuere
263 2439 395 2501 omniuo
413 2452 609 2524 praesumat;
631 2443 689 2505 sed
706 2464 780 2504 cum
792 2444 854 2504 Dei
871 2444 970 2526 gratia
984 2453 1016 2504 et
1031 2455 1138 2506 nostro
1152 2467 1248 2506 mun·

148 2525 293 2585 deburdo
315 2523 367 2586 vel
393 2523 581 2586 defensione
603 2535 666 2584 tam
689 2547 763 2586 eum
787 2546 883 2606 quarn
903 2547 976 2588 suos
999 2523 1146 2586 homines
1167 2527 1248 2590 resi-

148 2607 232 2666 dere·
246 2627 321 2666 cum
347 2604 456 2686 quiete
477 2605 597 2668 sinatis.
638 2607 727 2668 Etsi
750 2607 876 2688 aliquae
904 2628 1016 2667 causae
1039 2607 1188 2670 adversus
1203 2609 1249 2690 ip·

147 2709 219 2749 sum
245 2687 404 2756 Abbatem
435 2689 490 2748 vel
520 2688 751 2750 Monasterium
779 2689 878 2770 ipsius
907 2710 964 2750 seu
984 2688 1145 2751 'homines
1180 2691 1249 2752 cius

146 2769 292 2846 fuerint,
320 2789 403 2849 quae
429 2769 463 2828 in
488 2791 571 2866 pago
595 2771 715 2853 absque
741 2793 799 2832 sno
824 2771 937 2852 iniquo
964 2769 1132 2852 dispendio
1162 2781 1248 2834 recte

149 2851 301 2912 delinitae
329 2872 394 2910 non
416 2852 550 2928 fuerint,
564 2874 623 2914 eas
654 2860 851 2934 usqueante
872 2875 929 2916 nos
952 2853 1142 2914 omnimodis
1173 2856 1250 2914 fiant

149 2954 317 3016 suspensas
341 2933 393 2994 vel
416 2945 602 3012 reservatas,
633 2943 666 2996 et
687 2944 796 3018 postea
819 2945 891 2994 ante
919 2956 977 2996 nos
997 2955 1055 3016 per
1075 2935 1195 3016 Legem
1218 2947 1249 2996 et

146 3014 308 3078 Iustitiam
323 3014 480 3078 finitivam
504 3015 662 3098 accipiant
680 3017 880 3076 sententiam.
921 3017 963 3077 Et
979 3030 1016 3077 ut
1039 3016 1157 3079 certius
1179 3039 1249 3079 ere-

149 3097 243 3175 datis‚
266 3119 362 3158 manu
386 3096 516 3180 propria
542 3101 654 3160 subter
680 3097 875 3157 firmavimus
896 3107 928 3159 et
954 3097 994 3158 de
1021 3099 1120 3158 anulo
1141 3110 1249 3162 nostro

147 3179 370 3260 sigillavimus.
411 3179 545 3260 Signum
566 3183 695 3242 Domno
716 3180 774 3238 1110
798 3181 895 3262 Rege.
938 3179 997 3239 Ille
1019 3183 1193 3264 recognovi
1219 3190 1250 3244 et

148 3257 331 3346 subscripsi.
371 3261 489 3324 Datum
511 3263 563 3323 die
588 3262 658 3340 illo,
679 3283 765 3322 anno
792 3261 863 3340 illo,
884 3259 957 3323 loco
979 3261 1048 3326 1110.

408 3367 450 3429 Ut
470 3367 661 3430 leudesumia
678 3369 907 3452 promittuntur
925 3369 1012 3447 Regi.

229 3471 389 3537 XXXIX.
430 3473 493 3536 Ille
512 3473 581 3537 Rex
602 3474 719 3538 Comiti
746 3475 806 3538 illi.
846 3479 985 3540 Dumet
1009 3499 1067 3540 nos
1092 3499 1156 3537 una
1177 3497 1250 3538 cum

149 3575 307 3620 consensu
327 3558 502 3620 Procerum
531 3566 713 3619 nostrorum
739 3567 799 3624 etc.
839 3571 873 3618 ut
892 3579 988 3658 supra
1008 3581 1079 3646 pag.
1100 3561 1170 3641 309.

481 3669 717 3734 Sacramentum
728 3671 916 3758 fidelitatis.

228 3783 294 3848 XL.
334 3785 534 3868 Repromitto
565 3807 625 3870 ego
659 3788 747 3868 quod
768 3787 806 3847 ab
832 3787 892 3848 isto
915 3789 967 3850 die
989 3789 1118 3850 inantea
1147 3788 1250 3856 fidelis

152 3888 207 3928 ero
229 3869 488 3932 DomnoKaroIo
516 3876 576 3935 cte.
597 3882 630 3928 ut
649 3885 744 3953 supra
765 3882 838 3930 tom.
854 3869 894 3930 ΙΙ.
914 3891 984 3952 pag.
1011 3893 1076 3952 ¹70·

494 3971 699 4040 Commutatio
729 3987 799 4036 eum
823 3973 914 4055 Rege.

230 4084 314 4147 XLI.
342 4057 419 4149 '1110‘
433 4085 503 4148 Rex
523 4083 573 4144 illi
592 4081 682 4165 Regi.
724 4078 824 4144 Nemo
842 4082 901 4144 sibi
920 4085 1091 4165 quicquam
1109 4085 1251 4146 cernitur

148 4163 296 4226 minuere
318 4167 473 4248 quicquid
496 4188 513 4228 e
535 4174 647 4227 contra
667 4165 784 4248 recipit
805 4174 921 4231 etcsut
944 4187 1039 4250 supra
1062 4188 1134 4248 pag.
1160 4168 1228 4227 505.
