2684 4990
196 241 271 320 798

193 404 266 460 inter
289 407 355 459 llust
377 397 499 482 superius
533 405 561 452 et
590 395 715 452 velletor

193 475 324 540 inlerius3
372 471 473 542 quibus
516 468 714 522 Tbelonearius

192 544 321 616 prebebit
339 559 421 598 naves
447 547 627 620 quotcunque
652 538 712 592 lue-

192 615 248 669 rint
265 612 424 669 necesssrie.
472 609 524 680 lpsi
549 623 620 663 emm
649 625 711 662 cum

192 686 272 738 remis
291 685 345 738 suis
364 679 506 734 intrabunt
524 688 552 732 et
577 678 709 733 reducent

193 772 238 808 css
256 755 292 806 ael
311 753 461 806 Pomerium
479 749 615 818 Episcopi,
635 749 709 801 unde

192 835 222 878 et
240 826 379 878 duxerunt
396 838 457 874 cum
476 819 600 888 expensis
616 817 708 890 ipsius.

190 894 305 949 Dabunt
335 903 426 946 autem
463 891 611 942 Piscatores
640 888 709 940 duos

190 965 277 1030 viros,
303 959 494 1016 lllolenslinarii
527 957 641 1012 tercium
668 959 709 1010 vi-

190 1053 258 1088 rum.
295 1034 323 1087 Si
342 1035 377 1085 de
394 1049 443 1083 sua
467 1027 635 1096 negligencia
661 1047 711 1080 na·

189 1122 237 1158 ves
263 1103 449 1176 perdiderint,
474 1102 588 1152 solvent.
627 1098 656 1150 Si
680 1100 708 1153 vi

189 1174 293 1255 luerint
311 1173 349 1228 eis
368 1171 470 1236 ablate,
489 1171 635 1242 Episcopus
652 1187 708 1223 res·

191 1253 285 1300 usust.

200 1411 203 1418 ,
298 1345 601 1416 De,·Pistatoribus.

257 1463 355 1517 exvl.
372 1460 520 1512 Piscatores
536 1457 637 1509 debent
653 1456 708 1526 pis·

190 1533 244 1590 cari
263 1535 298 1587 ad
315 1548 382 1602 opus
391 1529 516 1602 Episcopi
530 1530 600 1582 iuter
608 1527 708 1580 nativi·

189 1615 275 1660 tatem
309 1609 404 1653 sancte
433 1602 517 1652 lilarie
554 1607 581 1651 et
607 1596 706 1649 festum

188 1675 277 1728 sancti
308 1671 451 1724 Michaelis
487 1669 597 1736 singulis
629 1667 706 1719 annis

187 1744 276 1798 tribus
295 1742 391 1794 diebus
411 1750 439 1794 et
456 1741 543 1792 tribus
560 1735 704 1799 noctibus,

188 1831 250 1867 cum
270 1812 394 1865 omnibus
421 1812 475 1863 suis
500 1807 705 1871 instrumentis,

185 1879 650 2008 ttfflvttttlltfilttllltt
664 1895 706 2000 t}

187 2025 255 2077 llust
271 2024 410 2094 supe1·ius;
436 2021 465 2071 in
486 2019 548 2071 Alsa
565 2034 652 2087 usque
670 2017 705 2066 E-

186 2093 331 2157 burheim,
351 2093 378 2142 in
396 2089 516 2142 Bruscha
534 2105 620 2160 usque
633 2087 706 2140 Mol·

187 2165 311 2224 lesheim‚
332 2163 360 2213 in
373 2159 521 2213 Schultura
537 2159 704 2228 usquelller·

186 2235 270 2300 burg,
295 2233 325 2285 in
350 2229 475 2282 Kintsila
507 2245 593 2300 usque
621 2227 705 2279 Kina-

187 2306 273 2365 dorll,
311 2320 373 2356 cum
394 2299 533 2368 ,suspensis
568 2297 704 2368 Episcopi.

186 2376 261 2427 inira
278 2372 407 2424 terminos
424 2369 472 2422 hos
488 2369 582 2420 nullus
601 2383 644 2420 eos
657 2385 704 2420 ex·

186 2445 298 2497 cludere
316 2441 416 2492 audeat
434 2438 469 2490 ab
494 2438 586 2507 aliqua
612 2455 703 2505 aqua,

185 2513 239 2565 nisi
257 2528 311 2582 que
336 2509 386 2561 sub
414 2506 538 2561 claustris
566 2513 704 2560 coarctata

189 2593 239 2641 stt.

255 2755 366 2810 CllVll,
401 2751 435 2806 ln
453 2749 571 2804 Bruscba
589 2767 605 2802 a
621 2750 702 2804 Vallo

185 2826 315 2896 superiori
334 2823 458 2877 Ciuitatis
483 2837 569 2888 usque
599 2817 632 2871 ad
660 2820 702 2871 in·

186 2895 278 2956 serius,
294 2897 372 2947 iuxta
389 2902 512 2946 sunctum
522 2890 701 2959 Stephanum,
725 2928 735 2947 ,

184 2969 277 3018 nullus
296 2966 397 3016 audeat
413 2961 509 3032 piscari
532 2960 590 3012 sine
615 2961 702 3012 liceu-

184 3039 223 3089 tia
240 3035 377 3107 Episcopi,
396 3035 440 3088 sel
459 3031 582 3102 Dapiferi
599 3029 650 3084 sui.

287 3209 335 3270 De
371 3204 596 3292 Carpenturiis,

253 3323 378 3379 cxvtn.
421 3321 587 3394 carpentarii
611 3320 702 3387 singu-

183 3393 217 3448 lis
235 3394 331 3446 diebus
356 3394 422 3446 lune
450 3393 553 3448 dehent
579 3393 606 3443 in
634 3409 701 3460 opus

182 3464 310 3536 Episcopi
326 3463 365 3516 ire
383 3481 446 3518 cum
466 3462 590 3533 expensis
608 3461 699 3530 ipsius.

183 3535 253 3587 Cum
271 3548 376 3588 summo
394 3551 473 3587 mane
492 3532 616 3586 venerint
637 3539 700 3582 unte

182 3606 340 3667 Palatium,
361 3622 416 3658 non
437 3604 556 3667 audeant
572 3601 700 3653 recedere

184 3675 380 3730 autesonitum
411 3689 558 3742 campane,
585 3688 638 3738 ‘tue
665 3671 700 3723 ad

181 3749 292 3800 Missam
310 3761 389 3796 mane
407 3744 537 3813 pulsatur.
578 3743 605 3792 Si
630 3741 701 3792 intc-

180 3817 230 3870 rim
249 3834 304 3868 non
323 3815 423 3866 fuerint
440 3813 469 3865 in
492 3831 559 3882 opus
576 3811 700 3880 Episcopi

182 3887 322 3957 assumpti,
333 3884 412 3936 liberi
430 3884 479 3935 illa
497 3885 542 3936 die
559 3881 698 3933 recedant.

180 3960 241 4010 Non
260 3964 323 4009 sunt
341 3955 454 4020 cogendi
471 3954 511 4006 ire
536 3954 564 4004 iu
584 3951 699 4004 alicuius

183 4045 249 4099 opus
269 4025 401 4090 alterius,
419 4024 471 4078 nisi
489 4022 624 4097 Episcopi.

600 255 684 312 tuus
702 257 751 316 ΕΤ
769 262 880 318 LEGES

782 402 915 458 zwischen
937 403 1003 458 llust
1022 404 1114 474 obers,
1135 416 1177 466 nul
1192 420 1223 472 tt
1292 455 1293 470 ι

780 474 852 526 letor
864 474 909 524 hie
919 473 1036 540 indene;
1055 480 1104 530 und
1115 481 1152 533 der
1165 488 1227 544 lullus
1292 477 1293 506 ³

781 544 824 595 sul
837 544 909 596 sabis
917 544 1005 612 geben
1019 563 1081 599 zuar
1091 553 1157 604 nansi
1165 554 1229 612 bedul.

781 614 809 666 si
826 615 928 666 sullent
947 616 997 665 mit
1014 615 1068 668 iren
1084 621 1161 673 rudem
1176 626 1230 681 inin
1292 629 1293 672 l

780 699 848 749 gan,
869 685 924 736 und
939 684 1119 752 widerbringen
1132 693 1231 749 zudezll-
1292 683 1293 690 ἵ

780 753 894 806 schores
908 756 1079 820 congrues,
1096 758 1177 814 danueu
1187 767 1201 816 si
1213 786 1231 819 ez

779 822 849 875 hant
872 824 976 890 gesuret
997 826 1044 876 mit
1072 827 1117 878 dez
1140 833 1232 887 liisrlmes

782 903 864 946 coste.
901 893 962 944 Und
974 892 1018 944 die
1039 896 1157 951 Wiscbere
1170 903 1233 967 gebeni

781 981 855 1015 zuen
883 981 964 1026 man,
992 962 1037 1014 die
1059 967 1163 1020 Mlilnere
1178 974 1232 1026 einen.

780 1033 843 1084 Unel
859 1034 1004 1085 verliesent
1018 1031 1040 1084 si
1055 1034 1080 1084 di
1093 1038 1154 1088 achil
1163 1059 1199 1092 rou
1212 1044 1232 1094 ir-

779 1119 808 1154 re
821 1103 1010 1164 uersumnisse‚
1029 1101 1051 1154 si
1065 1107 1154 1169 geltent
1164 1111 1191 1162 si:
1200 1116 1231 1164 uul

780 1173 900 1226 werdent
911 1174 933 1224 si
949 1174 978 1224 in
996 1171 1059 1222 aber
1075 1177 1194 1231 freveliclsc
1207 1198 1232 1247 ge

777 1259 892 1310 nomen,
912 1243 961 1296 der
976 1241 1086 1298 Biscbol
1093 1247 1161 1301 wider
1173 1258 1203 1303 tut
1212 1269 1230 1304 ss

813 1461 907 1516 CXVI.
927 1465 982 1518 Die
994 1465 1117 1519 Vischere
1131 1465 1232 1518 sullerui-

777 1531 862 1584 seben
887 1535 953 1588 dem
972 1537 1100 1590 Biscbove
1121 1538 1234 1588 cuzuisslu

777 1621 886 1655 unscrre
913 1606 1026 1658 Frowen
1052 1609 1135 1659 Mezze
1153 1606 1187 1657 der
1201 1609 1232 1671 ju·

777 1679 857 1738 geren
874 1675 929 1727 und
952 1687 1048 1728 sancte
1069 1676 1165 1727 Michels
1180 1677 1233 1727 llszu

776 1742 903 1795 iesliches
925 1744 995 1797 iares
1021 1745 1060 1799 dri
1081 1755 1135 1810 tage
1157 1745 1195 1794 uui
1211 1744 1233 1794 dri

777 1811 861 1875 naht,
880 1813 929 1865 mit
954 1816 1038 1867 aliern
1057 1817 1117 1866 irem
1135 1812 1232 1878 gerallus,

778 1901 808 1934 so
826 1883 886 1934 dem
902 1901 1011 1937 warren
1024 1885 1082 1948 reht
1089 1886 1128 1946 ist,
1137 1883 1234 1934 zuiselut

775 1954 898 2006 Velletor
922 1954 1026 2009 indene
1048 1956 1099 2006 ime
1118 1954 1181 2010 ltine,
1202 1952 1234 2001 und

776 2025 843 2075 llust
856 2023 944 2075 obeue
959 2043 967 2089 ς
988 2025 1017 2076 in
1034 2026 1081 2077 der
1094 2025 1129 2074 lle
1140 2020 1235 2072 bisibus·

775 2091 864 2156 heim;
884 2094 913 2145 in
936 2095 987 2146 der
1003 2093 1130 2148 bruscheu
1144 2091 1175 2142 bin
1192 2091 1235 2141 llol·

775 2161 902 2224 lisheim,
934 2164 966 2216 in
996 2165 1045 2216 der
1073 2164 1188 2216 Sclruttere
1206 2159 1234 2208 bis

775 2232 918 2294 Methora,
937 2234 968 2286 in
986 2235 1034 2286 der
1053 2232 1166 2286 Kinzishe
1176 2229 1202 2280 hir
1212 2246 1233 2278 ru

776 2301 955 2365 Kindesdorf‚
990 2305 1042 2358 mit
1075 2305 1120 2356 dez
1147 2298 1236 2352 Bisclules

775 2380 879 2424 costen.
907 2375 960 2426 llic
977 2373 1140 2426 enzwischen
1152 2388 1172 2420 so
1190 2367 1237 2417 ensul

774 2441 803 2492 in
817 2443 925 2494 nieman
943 2444 990 2496 die
1004 2457 1182 2500 waszerucren
1192 2435 1239 2488 noel

775 2511 903 2563 deleines
927 2524 1001 2566 want
1028 2513 1134 2574 mihera,
1154 2508 1195 2560 uui
1210 2525 1240 2555 au-

775 2582 839 2632 dere
855 2599 965 2647 warner,
986 2585 1032 2636 dle
1047 2577 1241 2637 iemanessuuder·

775 2651 868 2704 lichen
883 2653 945 2706 sint.

808 2753 919 2806 cxvu.
946 2755 979 2804 ln
1005 2752 1052 2804 der
1077 2749 1188 2804 Brusebeu
1206 2763 1239 2797 sun

775 2823 836 2876 dem
859 2823 988 2876 obersten
1013 2822 1109 2888 graban
1135 2821 1173 2872 der
1192 2817 1237 2868 Ststs

774 2893 818 2944 biz
839 2912 872 2944 zu
893 2894 955 2949 dem
979 2894 1116 2946 nidersten
1137 2890 1160 2940 bi
1180 2895 1235 2938 sancte

774 2961 928 3032 Stephane,
957 2981 987 3014 su
1013 2962 1089 3018 ensal
1113 2960 1197 3011 nieman
1211 2953 1234 3004 ri·

774 3032 877 3095 seben,
897 3051 948 3086 ane
965 3023 1233 3087 dezssischovesnlub

773 3102 838 3156 oder
851 3105 921 3157 sines
933 3104 1115 3157 Druhsezzen.

807 3317 933 3372 CXVlll.
969 3320 1021 3373 Die
1041 3277 1191 3376 Zirirberliute
1205 3311 1238 3364 sul·

772 3387 833 3443 lent
850 3389 904 3443 alle
923 3399 1047 3457 mentage
1063 3409 1094 3442 zu
1109 3391 1153 3442 dez
1166 3381 1238 3438 bissis·

772 3476 819 3512 ves
836 3458 922 3514 werke
938 3477 988 3526 gan
1004 3463 1052 3512 mit
1068 3450 1237 3512 sinercoulud

772 3531 814 3580 ⁸01
830 3530 851 3585 si
865 3531 976 3583 lonrent
990 3531 1029 3583 vil
1044 3531 1084 3582 fru
1099 3521 1237 3580 furdiellal·
1292 3559 1293 3594 ι

773 3617 833 3663 zen,
852 3619 880 3653 su
897 3602 987 3652 sullen
1007 3601 1028 3652 si
1043 3600 1143 3652 dannen
1156 3591 1236 3647 nihtls·
1292 3621 1293 3656 ι

772 3687 820 3721 ren
839 3688 853 3722 c
872 3670 893 3723 si
909 3669 995 3722 boren
1011 3687 1045 3721 zu
1067 3669 1192 3720 frumeueu
1211 3661 1236 3709 lu·
1292 3701 1293 3708 ι

770 3747 825 3790 ten.
865 3742 925 3794 Sint
937 3740 958 3791 si
972 3741 1061 3791 danne
1075 3739 1132 3790 nibt
1144 3742 1236 3802 geunnen
1292 3765 1293 3768 ,

773 3827 806 3862 zu
826 3809 874 3860 dez
889 3809 1031 3862 Bischoves
1053 3808 1146 3870 werla,
1169 3803 1185 3854 si
1197 3803 1237 3866 gul

771 3879 881 3931 dunnen
899 3880 936 3930 vri
954 3880 1004 3930 dez
1031 3887 1109 3944 tages.
1148 3871 1195 3928 Uul
1212 3863 1236 3918 sul

771 3948 794 4000 ir
810 3949 871 4000 nibt
890 3949 1007 4017 tuingen
1024 3949 1112 3998 iurbaz
1135 3961 1162 3995 zu
1175 3935 1235 4016 delei·
1292 3995 1293 4006 ,

770 4035 818 4070 nes
844 4037 954 4070 mannes
978 4017 1148 4075 warlewast
1167 4011 1234 4065 sltem
1292 4071 1293 4080 ,

772 4087 818 4141 des
832 4089 994 4164 Bischores.j
