2694 4988
198 307 271 388 libe
531 326 642 383 neers
669 327 966 386 esscossnnrcse

198 495 252 541 ros
273 477 301 552 r)
333 469 373 534 ud
407 457 499 535 istius
525 453 629 554 lle'gui
655 469 867 533 'vastationem
885 476 933 548 st,
962 469 1084 534 obviarn
1109 455 1147 538 eis
1170 459 1250 545 niam

199 553 459 622 commonitorios
480 549 631 634 dirigant,
657 552 748 615 utin
769 574 848 636 paen
871 563 904 618 st
921 553 992 616 sine
1017 557 1126 638 praede
1150 581 1198 642 pes
1213 585 1250 624 so-

195 661 272 706 rum
296 645 461 701 nemesus
480 643 608 698 tenero
648 636 799 700 Vendere
822 647 929 699 antem
954 636 1018 713 eis,
1043 659 1121 720 qnae
1144 663 1251 706 namn.

199 727 250 790 η’.
270 730 351 785 suut
379 719 519 795 iaciant,
550 739 616 780 non
643 718 718 802 plns
754 739 887 798 carum,
916 719 973 783 sed
1004 723 1166 785 secundm
1188 747 1251 790 usun

143 839 147 856 ·
200 818 234 870 et
264 800 533 869 consuetudinem
556 808 672 862 terrae.
721 800 757 862 si
786 821 865 863 sero
894 801 1060 868 noluerint
1084 806 1251 888 acquiescere,

175 902 177 910 ’
199 889 257 952 ted
278 884 410 970 praedas
431 891 464 943 et
482 882 609 965 rapinas
630 883 857 962 exercuerint,
889 884 1046 967 quicquid
1072 887 1154 949 aliter
1175 908 1251 974 rapae

199 971 267 1036 rint
281 973 322 1047 t),
344 964 491 1050 legaliter
512 986 586 1026 curn
606 966 715 1027 banno
737 975 847 1036 nostro
871 967 912 1029 ab
931 967 1086 1053 Episcopo
1111 979 1141 1031 et
1166 973 1251 1035 comite

200 1046 345 1131 elnsdem
366 1047 429 1116 loci
460 1047 631 1110 emendare
656 1055 692 1125 u)
719 1059 883 1132 cogantur.
934 1049 1033 1130 Quod
1063 1052 1088 1114 si
1116 1047 1149 1119 ea
1165 1057 1251 1136 {exequi

201 1131 378 1216 noluerint,
399 1129 504 1192 stetim
524 1130 564 1191 ab
589 1130 740 1214 Episcopi
763 1131 826 1194 loci
847 1134 1167 1212 excommunicentur.
1196 1139 1252 1200 Post·

201 1241 238 1281 en
253 1215 373 1280 verosi
389 1211 572 1296 contigerit,
594 1221 631 1274 nt
646 1216 760 1276 Comes
777 1214 842 1278 loci
862 1215 1071 1299 Populusqne
1091 1227 1180 1280 terrae
1191 1240 1252 1302 super
1293 1287 1294 1290 ,

199 1301 285 1386 ipsos
298 1296 477 1382 praedones
488 1296 649 1375 venerint,
666 1307 699 1360 et
713 1317 766 1358 eos
778 1295 991 1381 impedierint
1004 1309 1036 1360 et
1046 1300 1249 1380 luerintmortui,
1293 1319 1294 1374 5

195 1401 308 1464 neque
326 1378 413 1441 laida
429 1377 505 1440 inde
526 1389 656 1458 crescat,
679 1399 786 1462 neque
808 1381 1000 1464 compositio
1020 1381 1122 1466 aliqua
1138 1391 1172 1454 v)
1185 1385 1250 1465 requi·

197 1474 301 1541 ratur,
328 1481 388 1546 pro
412 1459 540 1544 hirqui
561 1460 682 1524 ibidem
702 1462 927 1526 occubuerint.
976 1464 1064 1528 Etsi
1085 1467 1183 1528 Comes
1197 1467 1247 1526 eins·

201 1549 278 1622 dem,
298 1544 364 1608 loci
389 1541 452 1605 hoc
473 1543 607 1630 implere
629 1543 829 1627 neglexerit,
856 1547 990 1630 proprio
1012 1547 1129 1630 honore
1147 1548 1243 1630 privetur.

196 1627 243 1694 'Et
262 1628 289 1692 si
311 1626 507 1710 oportuerit,
530 1636 562 1687 et
584 1641 713 1690 necesse
734 1629 851 1706 inerit,
876 1627 911 1688 in
934 1628 1004 1713 ipso
1027 1630 1141 1692 anxilio
1157 1629 1239 1692 ricinuu

198 1731 295 1775 snum
319 1709 476 1773 Comitem
502 1709 650 1782 advocet;
680 1719 711 1773 et
733 1710 761 1772 si
784 1710 842 1774 ille
862 1715 908 1789 w)
930 1731 964 1774 se
989 1711 1240 1789 subtraxerit,sini·

198 1788 277 1868 liter
300 1792 430 1877 proprio
454 1791 601 1876 privetur
628 1793 770 1872 honore,
806 1802 839 1853 et
865 1792 1003 1882 insuper
1024 1797 1114 1860 XXX.
1133 1794 1242 1856 librasse

201 1877 288 1964 genti
311 1873 431 1937 Comiti
460 1885 639 1958 componat.
724 1875 764 1937 lt.
787 1875 836 1939 53.
859 1893 888 1941 2.
1173 1904 1177 1908 -

283 1959 325 2025 11.
354 1955 571 2040 ⁴Quicumque
601 1957 699 2044 igitur
734 1979 774 2020 ex
802 1957 923 2019 Laicnli
955 1960 1090 2034 ordine,
1120 1968 1172 2019 mm
1191 1955 1247 2016 liberi

200 2064 297 2129 qnam
324 2041 409 2102 servi
438 2039 582 2101 homines
607 2040 640 2100 in
668 2041 828 2102 Comitatn
850 2051 1021 2104 manentes
1049 2064 1066 2103 a
1092 2041 1198 2125 proprio
1215 2039 1249 2098 Co

200 2125 288 2202 snite,
318 2122 371 2186 rel
391 2145 410 2182 a
431 2121 564 2185 Publica
587 2133 695 2205 parte,
717 2124 800 2186 idest
818 2122 857 2182 ab
879 2121 951 2201 his,
984 2125 1042 2208 qui
1067 2122 1250 2205 Rempublican

201 2215 319 2290 agunt,
341 2204 497 2266 admoniti
518 2205 650 2282 inerint,
672 2204 698 2266 si
719 2227 752 2267 se
766 2204 994 2268 subtraxerint
1014 2207 1053 2268 ab
1072 2205 1203 2268 adiutorio
1222 2203 1250 2264 sni

200 2287 324 2374 proprii
350 2286 500 2365 Comitis,
535 2297 567 2350 et
589 2310 662 2349 eum
684 2308 748 2348 non
770 2288 1000 2351 adiuraverint
1021 2291 1101 2351 intra
1121 2286 1251 2370 ipsanio·

200 2372 357 2448 mitatem,
368 2377 481 2431 contra
502 2371 679 2450 praedones
698 2370 866 2433 venientes
879 2371 914 2430 in
934 2393 996 2432 suo
1006 2372 1201 2447 Comitatus),
1212 2375 1252 2427 ter-

199 2455 278 2514 tiam
294 2461 419 2594 partem
441 2449 535 2512 liberi
556 2472 596 2512 ex
618 2453 684 2514 suis
704 2453 876 2515 mobilibus
897 2463 1100 2536 componant.
1137 2452 1252 2514 Servian-

200 2545 267 2596 tem
323 2534 361 2596 X.
391 2533 474 2612 ictus
514 2555 531 2592 a
560 2535 698 2617 propriis
719 2535 857 2597 dominis
874 2537 1057 2620 recipiant,
1087 2535 1111 2597 si
1128 2540 1161 2613 y)
1177 2533 1253 2618 proba·

201 2627 270 2679 turn
291 2614 408 2692 luerit,
438 2615 525 2697 qnod
548 2615 593 2676 eis
613 2618 725 2698 fuisset
746 2618 983 2684 denuntiatum.
1014 2671 1017 2678 .
1066 2618 1121 2681 Ill.
1143 2619 1181 2682 ιδ.
1198 2637 1218 2675 a.

270 2741 349 2777 sons.
384 2721 463 2775 Petre
480 2732 509 2777 te
532 2725 652 2794 appellat
676 2725 824 2788 Martinus,
853 2727 927 2796 quod
951 2736 984 2780 tu
1010 2727 1129 2780 occidisti
1151 2741 1211 2776 suun
1226 2737 1255 2790 pr·

200 2804 277 2856 trem,
304 2793 366 2846 Non
383 2793 490 2858 occidi,
516 2796 590 2862 quod
613 2797 702 2862 legem
729 2795 872 2848 emendare
890 2793 1013 2850 debeam.
1042 2801 1115 2851 Petre
1130 2804 1155 2848 te
1175 2791 1256 2862 appellet

201 2863 346 2926 Martinus,
367 2863 414 2932 qui
433 2872 474 2916 cst
490 2865 644 2916 Advocatus
663 2865 914 2935 departePublica,
934 2869 1010 2937 quod
1021 2857 1255 2930 tuintellenisti,qaoi

202 2935 323 2988 extranei
341 2933 464 2985 homines
481 2933 601 2986 debeant
617 2936 730 2990 transire
749 2936 783 2988 ad
808 2939 988 2990 vastationem
1007 2937 1081 2989 istius
1097 2935 1178 3000 Regni,
1194 2941 1214 2982 et
1226 2930 1256 2981 be·

201 3004 285 3074 buisti
302 3004 494 3070 negligentiam
512 3005 547 3058 de
564 3006 712 3058 tramittere
732 3023 793 3058 cnm
811 3016 860 3058 tuo
878 3007 1013 3078 Episcopo
1031 3006 1132 3060 obviarn
1149 3003 1180 3054 eis
1194 3000 1257 3052 Missos

202 3075 431 3137 commonitorios,
451 3080 484 3125 ut
499 3075 614 3144 pacifice
630 3077 774 3129 transirent
785 3088 834 3146 pet·
850 3086 965 3129 vestram
976 3086 1081 3128 terram.
1115 3079 1181 3128 Petne
1195 3071 1259 3122 Comes

90 3189 93 3196 .
201 3154 229 3197 te
247 3145 369 3214 appellat
386 3144 518 3197 Martinus
536 3145 642 3206 Comes,
662 3147 735 3216 qnod
753 3147 810 3216 ipse
826 3145 952 3200 inritavit
969 3155 1009 3209 te,
1023 3147 1096 3229 quod
1112 3155 1139 3198 tn
1155 3140 1259 3193 adiuvisses

202 3229 265 3266 enm
283 3215 318 3265 dc
336 3214 486 3276 extraneis,
512 3215 559 3285 qui
578 3216 726 3270 veniebant
742 3224 846 3269 vastare
864 3234 942 3269 suum
960 3218 1138 3277 commatum,
1162 3219 1185 3264 et
1202 3219 1224 3260 tu
1242 3214 1259 3255 lt

201 3283 365 3336 subtraxisti.
404 3287 483 3338 Petne
500 3293 529 3338 te
547 3287 667 3356 appellat
683 3287 816 3340 Martinus
828 3286 880 3355 'qui
899 3295 940 3339 est
950 3287 1102 3340 Advocatns
1119 3285 1217 3352 departe
1227 3279 1260 3328 lu·

201 3353 284 3416 blica,
304 3353 378 3422 quod
396 3365 426 3410 tu
441 3354 516 3406 fuisti
534 3356 695 3410 ammonitus
714 3375 730 3408 a
746 3364 795 3409 tuo
815 3355 931 3420 comite,
951 3358 1026 3428 quod
1044 3367 1074 3408 tn
1091 3356 1209 3406 adiurares
1220 3362 1259 3399 ern

201 3423 272 3488 inira
289 3423 454 3477 comitatum
473 3436 566 3478 contra
584 3427 806 3498 supervenientes
822 3427 982 3496 praedones,
1004 3435 1031 3480 et
1048 3435 1075 3480 te
1090 3419 1227 3478 subtraxisti,

285 3484 343 3574 ill.
384 3494 485 3555 Nemo
512 3497 644 3574 Comes,
676 3519 782 3580 neque
805 3495 877 3558 loco
899 3497 967 3559 eius
988 3497 1107 3580 positus
1126 3504 1169 3570 z),
1187 3504 1259 3567 ueqrt

202 3555 388 3641 sculdasios
410 3576 449 3636 ah
471 3577 653 3640 Arimannis
674 3579 739 3644 suis
761 3577 885 3662 aliquid
929 3601 964 3640 er
984 3579 1049 3640 vim
1070 3577 1180 3660 exigat,
1197 3589 1259 3652 prae·

202 3668 252 3720 ter
271 3655 360 3741 qnod
381 3659 589 3756 constitutum
611 3661 735 3745 legibus
757 3673 813 3725 est.
854 3601 926 3726 sed
943 3683 1046 3744 neque
1066 3682 1121 3745 per
1134 3655 1260 3720 snamlor·

202 3811 543 3826 m

236 3867 264 3934 r)
280 3865 392 3917 Hcrold,
416 3879 572 3924 extraneos.
806 3870 843 3942 w)
862 3871 913 3922 Un.
934 3869 1000 3921 Cod.
1028 3865 1179 3936 neeaesuen,
1203 3868 1225 3906 nt
1242 3855 1260 3900 io

237 3938 260 4004 s)
279 3937 415 3989 Un.-Cod.
436 3951 544 3990 exteros
563 3941 644 3993 istius
662 3944 743 4012 regni
857 3943 916 4010 ipso
944 3939 1051 3990 arenilio
1074 3939 1124 3988 vic.
1153 3945 1214 3980 seem
1233 3939 1258 3974 tt·

288 4018 447 4059 vastam&
857 4013 914 4063 mit.
933 4009 1060 4070 advocet,
1077 4021 1102 4060 et
1117 4004 1166 4056 itte.
1245 4063 1248 4071 ,

209 4076 261 4146 ··t)
279 4078 329 4127 Un.
352 4075 418 4127 Cod.
447 4073 533 4130 alieni
553 4085 706 4149 repererint.
806 4079 837 4151 x)
857 4084 907 4132 Un.
934 4079 1000 4132 Cod.
1033 4075 1224 4148 supervenientes
1242 4077 1259 4112 rr

289 4146 399 4200 Horold.
417 4145 493 4202 alter
509 4153 644 4219 respuerit.
858 4167 935 4202 rreum
954 4151 1118 4204 Comitatum.

240 4216 273 4284 ts)
289 4217 399 4267 Hcrolsl.
418 4214 494 4268 dare.
803 4241 825 4290 y
856 4221 895 4272 tl.
913 4219 998 4271 Codd.
1019 4220 1043 4268 si
1063 4229 1154 4267 tamen.

238 4287 269 4355 ν)
288 4287 337 4340 Ua.
357 4285 608 4356 Codroliquanda.
807 4308 822 4342 s
853 4291 892 4342 sl.
913 4289 998 4342 Codd.
1017 4291 1075 4342 loco
1091 4283 1189 4360 positus.
