2684 4990
353 287 455 348 mere
469 285 664 360 rrcrsruus
687 291 854 368 qumms
1100 282 1172 356 755

61 445 90 490 et
107 436 259 490 eidemin
276 433 336 504 ipse
353 429 464 487 servitio
481 439 539 498 ert,
558 430 647 486 fllium
663 430 848 502 generaverit,
865 432 954 506 ipsum
980 435 1069 494 fitium
1098 457 1172 514 emp.

59 518 104 561 ter
120 505 277 564 vindicavit.
1058 540 1063 550 .

133 610 200 661 trem
219 607 288 661 etia.
324 607 417 660 Mutus
434 602 516 657 homo
535 610 563 656 et
580 619 668 657 emere
686 611 714 657 et
733 603 845 658 vindere
870 616 977 728 potem
1006 627 1068 663 nam
1088 611 1171 667 surio·

64 697 108 732 sus
126 679 180 732 hec
200 687 240 732 est
259 677 387 738 furiosus,
407 675 455 744 qui
474 674 591 726 multum
609 691 692 727 senex
711 682 766 738 est,
786 675 833 747 qui
859 677 868 727 i
894 695 909 731 e
935 679 983 750 qui
1005 681 1035 732 in
1058 681 1172 736 nimiam

64 758 166 802 etatem
187 757 242 814 eet,
261 749 314 800 iam
329 762 382 800 uec
400 761 489 817 emere
506 761 560 798 nec
577 744 695 799 vendere
711 762 768 797 non
784 754 883 815 potest.

133 851 205 904 XIV.
241 851 325 921 Intpr.
345 847 522 919 Quicumque
539 845 622 900 homo
641 884 676 906 .,.
695 883 702 897 .
721 863 826 906 servum
841 836 923 901 tuum
946 879 953 901 ι
972 888 980 903 .
1000 890 1007 905 .
1034 847 1174 906 hominem

64 959 70 972 .
91 957 98 973 .
121 957 127 970 .
148 921 196 991 qui
216 937 273 971 eum
292 955 298 968 .
317 955 325 968 .
344 956 353 975 .
372 955 380 972 .
399 916 624 972 testimoniaverit
642 933 718 978 esse,
738 915 759 966 ei
777 925 871 988 postea
889 958 896 972 .
915 957 922 973 .
941 958 975 975 ..
1003 937 1094 974 servus
1112 940 1174 974 eum

63 989 180 1056 sugerit,
208 987 387 1058 quicum..
409 1025 415 1040 .
434 987 521 1048 ravit,
547 986 596 1038 itte
615 987 662 1057 qui
680 986 769 1056 ipsum
796 1004 845 1041 rer.
863 1023 872 1040 .
891 1025 924 1041 ..
952 989 1038 1054 didit,
1065 1001 1092 1044 et
1113 1010 1175 1062 pre-

64 1060 138 1112 cium
158 1067 254 1128 empto.
274 1093 282 1108 .
301 1095 309 1110 .
331 1096 338 1111 .
358 1056 461 1121 eddet,
482 1065 510 1110 et
528 1055 550 1107 si
569 1056 675 1128 aliquid
692 1057 751 1126 ipse
769 1065 805 1111 .“.
821 1095 829 1109 .
848 1095 855 1109 .
872 1074 923 1110 vus
949 1059 983 1112 de
1008 1059 1092 1128 ipsius
1118 1079 1174 1116 rem

61 1147 154 1181 secum
169 1126 340 1199 portaverim
359 1125 409 1180 ille
427 1126 477 1197 qui
494 1143 557 1179 eum
574 1125 715 1188 vendidit,
734 1125 825 1179 omnia
850 1129 963 1199 emptori
987 1129 1102 1184 reddere
1127 1149 1174 1186 ce-

60 1209 141 1266 gatur·
705 1222 707 1232 ·

128 1299 196 1351 Item
217 1299 290 1354 alia.
325 1299 409 1352 Terre
427 1314 498 1368 quae
515 1297 598 1351 homo
616 1303 770 1368 comperet,
799 1305 848 1352 eut
870 1299 1074 1374 qualecumque
1096 1321 1171 1369 rem,

56 1370 140 1441 ipsius
160 1385 218 1422 esse
237 1369 339 1432 debet,
359 1368 394 1420 ad
416 1368 493 1422 cuius
510 1385 611 1421 nomen
629 1375 705 1422 certa
721 1367 823 1440 scripte
838 1369 934 1435 fuerit3
963 1390 1026 1437 nam
1049 1391 1106 1426 non
1131 1375 1173 1445 ip-

58 1441 130 1504 sius,
151 1439 200 1510 qui
218 1457 268 1509 pre
289 1442 404 1491 alterurn
423 1439 543 1508 precium
564 1433 658 1504 dedit3
687 1446 715 1490 et
730 1438 752 1490 si
769 1440 817 1492 ille
835 1441 883 1510 qui
898 1443 1020 1511 precium
1039 1443 1105 1506 det,
1130 1443 1174 1513 ip·

57 1527 116 1564 sum
133 1509 260 1581 precium
279 1509 304 1562 ei
324 1509 461 1580 requirere
478 1509 615 1574 voluerit,
634 1507 670 1561 ad
688 1507 767 1562 cuius
783 1527 883 1564 nomen
900 1520 974 1566 certa
991 1511 1075 1579 tulit,
1093 1531 1172 1567 suum

56 1581 180 1654 precium
198 1579 325 1650 recipiet.
378 1593 385 1626 ἰ
742 1593 744 1598 ·

128 1684 187 1738 XV.
224 1685 293 1736 Item
309 1684 378 1744 alia.
415 1681 470 1766 Qui
486 1700 536 1753 pro
553 1681 757 1754 qualecumque
781 1697 863 1736 cause
886 1681 1043 1739 fideiussore
1066 1685 1173 1754 recipe·
1273 1681 1278 1690 ’

56 1752 106 1816 rit,
127 1754 150 1807 si
169 1769 199 1805 ee
220 1754 361 1824 adipsum
379 1743 830 1817 fideiussor'emter‘rerenoluerit,
856 1752 936 1806 illum
962 1752 986 1806 ei
1002 1761 1096 1810 teneat
1120 1755 1170 1808 ille

57 1825 104 1895 qui
123 1824 149 1876 ei
170 1823 282 1876 debitor
300 1832 359 1889 est;
380 1833 408 1877 et
445 1831 520 1876 ostes
532 1838 591 1876 uec
607 1824 688 1876 illum
707 1822 833 1876 fideiueso
849 1857 965 1882 .....
975 1857 984 1887 ,
1009 1839 1063 1878 uec
1087 1824 1170 1896 ipsius

56 1893 176 1947 heredes
196 1893 289 1947 exin.
309 1931 316 1946 .
337 1928 345 1944 .
363 1928 370 1942 .
389 1909 428 1944 nu
453 1897 549 1944 atenus
565 1907 601 1962 po
621 1925 735 1946 .....
755 1895 757 1898 ’

125 1997 199 2053 XIV.
236 1998 305 2050 Item
326 1995 386 2048 atta
413 2031 584 2053 .......
611 1995 682 2047 state
699 2029 709 2054 .
727 2029 736 2050 .
752 2025 760 2047 ι
778 1977 788 2046 ι’
805 2025 920 2054 .....
936 2003 1047 2050 rentum
1071 1996 1171 2052 volun-

55 2074 141 2127 tete.
162 2106 169 2119 .
192 2107 200 2123 .
220 2105 227 2120 .
247 2067 325 2119 nium
342 2064 501 2133 seiungere
518 2081 574 2116 uon
592 2081 619 2134 p.
638 2101 645 2116 .
665 2101 673 2115 .
694 2101 702 2118 .

125 2170 196 2222 Item
223 2169 296 2221 alia.
331 2167 507 2249 Quicumque
524 2165 565 2220 vir
584 2171 613 2217 et
629 2164 746 2229 mulier,
770 2161 818 2234 qui
841 2163 871 2218 in
899 2165 1055 2234 coniugium
1080 2167 1170 2224 iuncti

51 2249 135 2302 eunt,
154 2238 177 2292 si
196 2239 247 2292 ati.
267 2277 273 2290 .
292 2237 327 2290 de
344 2237 400 2288 rttie
417 2245 536 2289 mentem
554 2251 630 2288 suem
646 2235 813 2306 perdiderit,
832 2244 880 2289 eut
897 2236 1059 2291 furibundus
1077 2239 1170 2306 fuerit,

51 2320 99 2364 aut
119 2309 187 2361 alies
207 2311 281 2362 tales
299 2307 341 2361 hie
360 2307 459 2360 similia
476 2323 574 2374 ceuea3
601 2322 649 2375 per
672 2305 726 2360 hoc
748 2322 777 2358 ee
800 2305 936 2360 dimittere
960 2326 1017 2361 nou
1039 2319 1169 2379 possunt,

50 2380 103 2432 nisi
120 2388 236 2434 tentum
253 2395 303 2449 per
314 2376 382 2430 illes
400 2391 494 2431 causes
520 2393 550 2430 ee
575 2375 711 2430 dimittere
735 2383 864 2448 possunt,
888 2393 960 2448 ques
984 2378 1015 2431 in
1039 2379 1169 2450 superiori

51 2452 111 2522 lege
129 2450 252 2521 scriptae
271 2457 343 2502 eunt.

52 2623 59 2636 Ι
101 2557 190 2638 'Item
216 2554 285 2606 alia.
324 2551 352 2606 Si
370 2550 486 2628 libertus
503 2551 579 2634 suem
597 2547 747 2633 patrpparn,
766 2559 813 2634 eut
830 2547 936 2622 patroni
954 2547 1038 2633 filiam
1054 2547 1084 2605 in
1103 2569 1168 2604 con·

50 2623 350 2769 qqqrpppnprrehendere
367 2630 575 2696 presumpserit,
601 2638 632 2708 ιιιΙ
650 2638 757 2681 carcere
774 2628 914 2686 mutatur,
943 2628 991 2674 eut
1007 2638 1038 2672 ιιι
1054 2623 1168 2676 metullo

205 2736 221 2762 ’t

125 2800 218 2851 xvll.
254 2797 321 2849 Item
342 2796 410 2848 alia.
435 2793 611 2865 Quicumque
629 2792 729 2853 homo,
749 2789 796 2863 qui
812 2792 907 2862 puelle
925 2791 960 2844 ed
977 2807 1089 2844 uxorem
1106 2808 1168 2860 pre·

53 2868 179 2923 hendere
197 2866 299 2928 debet,
321 2873 349 2917 et
367 2864 402 2920 ad
420 2863 509 2934 ipsum
526 2880 654 2933 sponsum
672 2863 765 2931 eliqua
788 2862 897 2916 occasio
919 2861 1166 2924 telisedrencrit,

54 2951 87 2992 ut
105 2939 168 3008 ipsa
185 2936 231 2990 die
249 2937 285 2988 ad
301 2935 372 3007 ipsas
390 2932 500 3003 nuptias
518 2949 575 2986 eme
592 2950 649 2994 non
665 2932 789 3004 possint;
819 2932 862 2985 eui
887 2938 1027 3004 parentes,
1056 2932 1102 2988 sel
1125 2930 1167 2984 eui

55 3008 141 3064 amici
159 3041 167 3061 .
187 3040 194 3060 .
212 3041 221 3061 .
239 3004 316 3060 uelle
332 3004 368 3058 ed
386 3004 497 3058 demum
515 3037 626 3057 .....

494 3103 593 3160 Cetera
620 3100 727 3159 desunt.
