2734 4990
187 281 262 354 too
694 299 887 353 ιοιιιιιιιι

187 441 229 504 do
250 441 388 526 pollulat
418 435 574 518 sapientia
594 445 698 500 restra
722 441 807 522 apud
829 443 933 502 Deum
956 447 988 501 et
1013 437 1173 506 homiues.
1222 445 1304 504 Om-

187 525 237 586 nis
267 545 344 584 vero
369 519 509 604 populus
532 519 591 580 lrac
613 521 790 602 proclamat
816 543 894 584 voce
916 521 1027 583 dicens
1053 521 1101 584 his
1128 546 1214 585 vero
1236 549 1306 588 esse

186 605 318 668 ditatum
342 602 491 666 felicibus
514 601 625 679 donis,
662 607 750 683 quod
777 605 811 664 iu
841 613 1034 686 perpetuum
1057 605 1200 667 firmiter
1230 632 1305 690 per-

186 695 334 764 maneat,
363 687 459 748 citam
491 683 579 744 omni
612 683 698 746 bono
727 687 863 748 consilio
892 695 925 748 et
952 687 1070 748 claram
1101 689 1189 751 facie
1215 693 1302 750 omni

185 770 358 856 conpectni
381 768 542 843 humano,
572 767 675 829 varias
705 770 832 831 scilicet
859 789 949 852 gazas
974 766 1055 830 miro
1080 771 1202 832 ordine
1230 773 1307 833 bea-

182 861 281 938 taque
306 852 420 913 mundi
444 869 545 932 regua
565 847 700 912 mirifice
720 853 904 934 disponere,
934 853 1080 948 pulcram
1101 873 1249 936 corpore
1276 867 1307 916 et

183 937 219 997 in
249 945 357 999 mente
386 934 507 1032 quieta,
543 931 662 995 lucidis
693 944 799 996 autern
827 934 1006 996 luminibus
1033 943 1172 996 vestram
1210 938 1307 998 tieret

184 1027 360 1094 staturam,
392 1038 428 1077 ιιι
454 1015 562 1076 aulem
593 1013 716 1076 dicunt.
756 1017 887 1080 Debetis
912 1018 999 1080 enim
1027 1038 1157 1101 semper
1183 1022 1309 1102 gratias

184 1123 278 1185 agere
307 1109 344 1163 ut
371 1099 406 1160 in
431 1097 521 1160 vobis
553 1097 631 1158 haec
656 1107 689 1158 et
723 1097 773 1159 his
800 1099 907 1161 simila
937 1109 1082 1162 crescant
1107 1121 1168 1184 per
1194 1106 1309 1162 omnia

184 1191 356 1246 momenta.
398 1180 495 1259 Vide,
517 1191 552 1242 nt
579 1181 752 1260 Apostolus
780 1183 845 1258 ait,
875 1183 1037 1264 quomodo
1066 1193 1162 1245 caute
1186 1187 1307 1244 ambu-

183 1265 321 1344 laveris,
347 1263 430 1327 sicut
455 1264 624 1346 sapientes.
667 1265 708 1324 Et
733 1264 868 1330 iterum:
890 1267 963 1326 Non
980 1265 1080 1326 solum
1101 1287 1217 1326 coram
1237 1270 1306 1327 Deo

181 1348 357 1409 sedetiam
382 1367 488 1409 coram
514 1347 692 1408 hominibus
715 1346 921 1430 providentes
949 1349 1043 1418 bonu,
1067 1361 1124 1412 etc.
1168 1351 1306 1410 Festina

184 1432 305 1514 itaque,
328 1431 418 1513 virgo
440 1427 684 1511 gloriosissima,
707 1430 824 1491 sanctis
850 1430 964 1492 studiis
986 1440 1020 1490 te
1044 1431 1197 1492 ethonis
1229 1455 1305 1513 ope-

182 1513 270 1576 ribus
295 1533 420 1584 ornare,
442 1519 479 1571 ut
497 1531 570 1572 cnm
590 1509 708 1572 sanctis
736 1519 769 1572 et
789 1513 890 1575 beatis
919 1511 1097 1595 virginibus
1124 1523 1305 1576 centenum

188 1595 341 1660 merearis
363 1593 525 1676 collegere
547 1595 699 1654 fructum.

308 1728 497 1814 Conquestio
514 1725 553 1788 de
575 1748 668 1790 vasso
693 1729 747 1810 qui
767 1729 921 1789 iustitiam
935 1726 1047 1807 facere
1068 1730 1183 1793 renuit.

269 1845 327 1907 lll.
368 1842 509 1906 Domino
536 1841 673 1904 inluster
695 1851 790 1923 utque
817 1861 893 1922 prae
915 1850 1033 1904 cuncto
1053 1842 1305 1924 magnificentie

188 1929 280 2006 simo,
302 1936 339 1990 ut
360 1926 497 2002 confido,
519 1926 593 1987 viro
622 1924 724 1984 amico
748 1945 819 1984 meo
842 1925 900 1983 itzo
924 1924 991 1984 ille.
1034 1928 1121 1986 Deus
1148 1925 1225 2000 scit,
1251 1928 1304 1988 cni

189 2009 296 2072 omnia
317 2031 380 2070 non
408 2011 510 2070 latent
535 2007 660 2070 occulta
682 2016 853 2088 autequam
880 2005 969 2076 fiant.
992 2007 1026 2066 iu
1048 2007 1202 2068 omnibns
1232 2009 1304 2068 ami·

189 2115 246 2154 cus
272 2101 304 2153 et
322 2091 407 2152 bene
432 2091 568 2174 cupiens
591 2097 708 2167 vester,
731 2090 813 2150 illud
836 2087 1021 2170 inprimitus
1049 2089 1137 2169 quod
1163 2090 1303 2170 plurima

187 2183 262 2236 sunt
286 2184 319 2235 et
335 2173 427 2236 nobis
456 2183 684 2256 opportunum,
712 2172 847 2234 salutem
871 2173 905 2230 in
928 2172 1067 2231 Domino
1089 2179 1303 2252 optamusro·

186 2256 236 2318 bis
277 2257 311 2316 in
348 2267 502 2337 quantum
542 2276 656 2316 arcana
689 2255 795 2316 cordis
832 2254 895 2314 mei
934 2253 1081 2313 continet
1117 2254 1301 2334 plenitudo.

184 2341 234 2400 De
264 2347 391 2400 caetero
419 2359 591 2420 cognoscas
620 2337 775 2396 industria
805 2345 909 2397 vestra
937 2337 996 2395 iste
1025 2355 1176 2418 praesens
1205 2335 1300 2394 homo

188 2429 298 2482 noster
318 2420 462 2481 serviens
485 2429 590 2481 vester
610 2440 728 2479 nomen
750 2418 807 2479 ille
829 2418 868 2478 ad
891 2439 948 2479 uos
974 2417 1118 2480 renitet
1145 2419 1245 2478 nobis
1258 2419 1301 2478 di-

186 2503 236 2564 xit
257 2525 295 2565 eo
321 2501 409 2584 quod
431 2523 539 2563 vassus
567 2511 673 2563 vester
699 2522 816 2560 nomen
848 2499 905 2560 ille
927 2521 977 2560 res
999 2508 1070 2580 post
1094 2521 1127 2560 se
1150 2502 1241 2560 malo
1255 2522 1301 2560 or-

188 2585 264 2646 dine
285 2591 431 2646 reteneat
452 2582 582 2659 iniuste,
605 2593 636 2644 et
661 2583 743 2644 dixit
764 2583 852 2664 quod
872 2581 962 2642 nulla
979 2582 1099 2644 iustitia
1118 2583 1209 2664 apud
1232 2583 1300 2664 ipso

188 2666 306 2728 exinde
328 2687 527 2747 consequere
546 2667 652 2747 possit.
693 2667 867 2747 Propterea
888 2662 1083 2726 solicitamus
1103 2663 1208 2740 robis,
1232 2688 1301 2746 pre-

189 2771 297 2811 camus
315 2757 351 2808 ut
369 2745 432 2808 hoc
462 2769 556 2808 causa
583 2748 757 2832 diligenter
783 2747 948 2827 inquirere
977 2745 1128 2822 lubeatis,
1163 2758 1202 2806 ut
1232 2749 1300 2828 ipse

186 2831 284 2893 homo
309 2839 419 2892 noster
437 2830 579 2892 serviens
608 2839 714 2893 vester
740 2831 809 2890 sine
835 2829 903 2888 ulla
923 2827 1110 2888 dilatatione
1141 2829 1181 2889 ad
1204 2851 1300 2889 suum

188 2915 307 2976 exinde
330 2911 443 2974 dehent
464 2913 652 2996 perquirere
668 2911 831 2972 iustitiam.
875 2910 966 2972 Etsi
990 2909 1052 2970 hoc
1072 2910 1209 2983 facietis,
1233 2933 1302 2972 ves-

188 3007 269 3058 tram
282 2997 399 3057 bonam
419 2996 687 3058 consuetudinem
706 2993 896 3074 adimpletis.
918 2993 959 3052 Et
973 2992 1059 3052 unde
1074 3013 1129 3051 nos
1149 2993 1303 3074 iniunge-

188 3081 240 3156 tis,
265 3087 298 3140 et
314 3100 370 3140 nos
384 3080 574 3160 potebimns‚
593 3099 648 3138 ros
664 3077 716 3138 rel
729 3076 904 3136 servientes
921 3085 1041 3134 vestros
1062 3074 1094 3132 in
1117 3073 1212 3134 bonis
1230 3099 1301 3156 par-

189 3165 274 3224 tibus
295 3161 448 3222 remerire
472 3184 535 3221 non
558 3159 726 3219 tardamus.
779 3158 870 3239 Agite
898 3157 1005 3216 taliter
1033 3177 1114 3236 quae
1150 3175 1210 3216 nos
1246 3179 1302 3238 per

190 3267 246 3308 vos
266 3245 350 3304 hona
371 3241 525 3305 hahemus
543 3237 672 3318 fiducia,
695 3249 730 3299 ut
753 3239 810 3300 iste
832 3239 927 3298 homo
946 3247 1052 3298 noster
1068 3238 1211 3298 serviens
1235 3262 1302 3299 res-

189 3338 241 3390 ter
260 3326 322 3388 sibi
349 3327 549 3408 congaudeat
572 3324 660 3404 qnod
683 3332 822 3382 nostram
847 3321 888 3381 ad
912 3343 966 3380 ros
995 3321 1193 3404 deportasset
1225 3343 1301 3402 sug-

190 3409 375 3496 gestionem.
417 3408 467 3470 Ad
489 3406 754 3491 sapientissimum
775 3403 904 3468 suflicit.

573 3539 654 3597 Item
676 3535 715 3594 de
737 3534 846 3594 eadem
867 3554 910 3592 re.

276 3657 289 3718 l
297 3656 333 3721 V.
375 3654 514 3718 Domino
541 3661 650 3713 sancto
670 3650 843 3733 apostolica
864 3648 939 3710 sede
962 3647 1100 3710 colendo
1120 3649 1252 3708 Domuo
1270 3656 1301 3707 et

193 3743 226 3804 iu
250 3740 376 3802 Christo
399 3737 480 3820 patri
511 3737 568 3795 illo
590 3736 693 3816 Papae
717 3733 783 3794 ille.
818 3735 915 3793 'Deus
945 3731 1022 3807 scit,
1054 3731 1106 3791 cni
1136 3729 1230 3789 nulla
1252 3731 1302 3791 la-

194 3834 266 3887 tent
287 3823 424 3897 occulta‚
446 3820 649 3899 inquantum
672 3816 765 3878 rideo
787 3824 819 3875 et
842 3823 947 3874 nostra
969 3823 1016 3875 est
1036 3812 1244 3893 possibilitas,
1268 3812 1302 3870 in

195 3906 342 3969 omnibus
364 3905 483 3965 amicus
515 3911 547 3961 et
575 3900 658 3960 hene
683 3898 815 3980 cupiens
845 3905 966 3973 vester,
998 3895 1083 3955 illud
1107 3895 1303 3975 imprimitus

195 3991 282 4075 quod
301 3989 437 4074 plurima
456 3981 530 4048 sunt
555 3993 587 4043 et
610 3981 701 4042 nohis
716 3990 944 4062 opportunum,
965 3978 1083 4040 salutes
1106 3978 1138 4035 in
1157 3977 1303 4037 Domino

197 4083 338 4157 optamus
366 4071 456 4133 robis
481 4071 513 4127 in
541 4076 696 4148 quantum
717 4072 802 4126 totns
834 4063 972 4122 mundus
999 4061 1103 4141 fulget
1127 4061 1159 4118 in
1184 4058 1302 4140 gloria,

199 4158 249 4218 rel
275 4164 430 4237 quantum
449 4154 543 4214 distet
566 4161 653 4209 ortus
675 4147 712 4204 ab
727 4145 852 4205 oriente
869 4153 901 4204 et
925 4143 1034 4204 delicit
1054 4143 1093 4204 ab
1117 4141 1302 4216 occidente,

197 4261 254 4314 sen
277 4249 306 4300 ct
329 4239 355 4301 si
375 4237 442 4300 lieri
463 4233 618 4320 potuisset
639 4229 726 4313 quod
750 4237 813 4290 tota
832 4227 972 4291 membru
992 4225 1162 4290 uenissent
1184 4223 1218 4290 in
1240 4223 1304 4284 lin·
