2676 4976
193 233 267 308 562
650 253 846 312 rosunum

191 405 244 471 te,
269 393 464 476 Redemptor
486 391 617 471 muudi,
646 394 704 476 qui
736 389 891 458 venturus
921 417 953 460 es
980 397 1115 464 iudicare
1140 402 1213 468 vivos
1229 419 1253 470 st

189 487 330 542 mortuos
352 481 387 553 'et
404 473 550 541 seculum
569 497 628 560 per
648 476 766 558 ignem.
806 477 918 546 Amen.

321 623 493 709 ‚iren
537 641 704 684 surus
748 645 1124 692 exorcisuus.

268 743 455 813 Tra-nutem,
477 745 621 800 creatum
641 757 754 818 aquae,
776 738 889 802 adiuro
913 750 945 802 te
972 763 1029 823 per
1047 744 1143 806 Deum
1162 747 1254 828 risun,

186 845 246 907 per
263 826 371 886 Deum
397 828 552 896 sanctum,
580 817 638 902 qui
661 829 692 880 tu
713 821 746 880 in
772 821 931 904 principio
955 828 1166 906 separavitab
1181 832 1254 908 eride,

186 905 299 969 adiuro
319 916 351 968 te
370 923 428 986 per
445 905 551 964 Duum
565 903 682 978 vivum,
704 901 759 983 qui
788 913 820 970 le
842 905 882 967 de
899 907 990 968 l'onte
1008 909 1255 989 paradisianae

186 998 219 1072 ut
246 990 280 1050 iu
308 999 446 1070 quatuor
477 984 663 1048 lluminibus
690 985 779 1045 exire
805 985 897 1047 iussit
925 999 957 1051 ot
982 997 1077 1052 lotam
1099 1005 1200 1056 terram
1223 999 1255 1055 ri-

185 1091 260 1153 gare
287 1071 460 1154 praecepit,
489 1068 603 1129 adiuro
630 1077 662 1130 te
687 1089 746 1147 per
778 1091 852 1130 eum
879 1071 938 1152 qui
964 1081 996 1133 te
1024 1071 1057 1133 iu
1089 1076 1167 1134 Canu
1192 1080 1256 1138 Gali-

183 1153 274 1216 lueae
302 1173 360 1215 suu
383 1150 527 1230 potentia
548 1151 709 1212 convertit
737 1150 769 1212 iu
791 1151 920 1231 viuum,
956 1154 1014 1237 qni
1043 1170 1182 1238 superte
1207 1163 1255 1222 suis

182 1236 299 1301 nuntia
389 1231 459 1296 ibus
482 1232 666 1312 ambulavit,
688 1234 746 1316 qui
768 1235 825 1294 tibi
851 1257 969 1298 nomen
993 1238 1138 1320 imposuit
1161 1242 1254 1318 Siluia,

182 1318 297 1395 adiuro
337 1339 360 1390 e,
378 1339 436 1398 pes·
460 1319 563 1380 Deum
592 1315 702 1398 quiin
727 1322 757 1377 te
786 1317 950 1380 Nahomun
977 1321 1090 1403 Syrum
1116 1344 1167 1383 sua
1186 1325 1254 1405 lepra

180 1401 349 1462 mundarit
361 1401 484 1476 dicens,
495 1421 581 1481 aqua
595 1409 714 1472 sancta,
730 1421 810 1480 aqua
831 1399 1022 1480 benedicta,
1042 1425 1118 1484 aqna
1138 1427 1206 1488 qnae
1220 1409 1254 1466 la·

170 1505 233 1560 ¹vas
245 1485 355 1546 sordes
377 1494 409 1544 et
426 1481 561 1542 mulidus
575 1491 713 1563 peccata,
734 1483 847 1544 adiuro
869 1492 900 1545 te
925 1507 984 1566 per
1002 1485 1103 1546 Deum
1123 1489 1215 1549 vivum
1230 1499 1253 1548 ut

179 1576 210 1626 te
228 1567 377 1626 mundam
391 1563 543 1626 exhibeas
563 1586 622 1624 nee
639 1565 672 1626 iu
694 1572 725 1624 te
739 1561 848 1648 aliqua
891 1565 1053 1628 hantasma
1068 1567 1200 1646 retineas,
1213 1573 1251 1631 sed

179 1647 325 1712 efficiaris
348 1651 420 1708 sons
442 1647 635 1709 exorcitatus
661 1645 701 1706 ed
729 1590 933 1730 elingaudum
956 1659 989 1710 et
1016 1651 1215 1712 evacuandum
1231 1665 1252 1712 et

179 1726 452 1812 comprobandum
473 1751 567 1789 omne
589 1727 793 1803 mendacium
813 1741 847 1794 el
866 1730 1119 1814 investigandam
1139 1743 1167 1794 el
1188 1757 1252 1794 con·

177 1812 374 1897 probandum
387 1833 515 1872 omnem
530 1812 695 1872 veritatem
702 1836 711 1880 ;
733 1820 770 1871 ut
789 1812 848 1872 iste
863 1813 920 1895 qui
938 1814 975 1873 in
998 1827 1029 1875 te
1044 1836 1164 1876 menum
1181 1817 1252 1878 mise·

176 1897 238 1973 rit,
270 1895 296 1956 si
320 1896 485 1956 veritatem
507 1904 539 1954 el
559 1894 712 1954 iustitium
732 1892 890 1973 habuerit,
914 1897 1039 1957 nullam
1059 1899 1212 1960 laesionem
1228 1900 1263 1956 ir.

176 1987 208 2038 te
233 1979 384 2059 accipiat;
420 1987 452 2040 et
479 1977 505 2036 si
528 1974 730 2036 mendacium
752 1975 871 2056 habet,
903 1987 1055 2062 appareat
1081 2003 1181 2041 mouns
1202 1981 1251 2040 eius

177 2061 252 2142 igne
275 2061 455 2130 cumbusta;
486 2067 521 2118 ut
542 2066 736 2140 cognoscunt
756 2080 866 2120 omnes
887 2060 1037 2124 homiues
1056 2062 1193 2122 virtutem
1206 2066 1250 2122 llo·

177 2137 387 2221 miui'nostri·
405 2145 479 2204 lesu
493 2141 625 2218 Christi,
641 2141 698 2224 qui
718 2154 875 2206 venturus
893 2137 942 2204 'est
964 2168 1038 2206 cum
1059 2145 1172 2226 Spiritu
1185 2166 1250 2204 sano·

178 2231 209 2286 tu
232 2226 375 2290 iudicare
398 2223 488 2288 viros
511 2234 544 2288 et
564 2233 706 2286 mortuos
728 2231 759 2284 et
780 2223 926 2286 seculum
940 2249 1001 2310 per
1016 2229 1127 2310 iguem.
1164 2228 1249 2290 Amen.

194 2369 215 2382 ··
260 2341 339 2400 Post
360 2341 437 2398 haee
465 2353 564 2399 exuat
591 2360 660 2398 enm
681 2339 877 2398 vestimentis
903 2343 990 2414 suis,
1022 2355 1053 2402 et
1082 2343 1182 2402 induat
1200 2361 1249 2399 eun

176 2423 233 2482 uel
255 2442 307 2481 eos
332 2424 521 2481 vestimentis
548 2420 674 2480 mundis
697 2420 737 2480 de
770 2420 931 2494 Ecclesia,
959 2424 1081 2502 idest,
1104 2425 1249 2484 indumento

178 2503 220 2564 de
241 2501 415 2564 Exercista
437 2516 491 2562 aut
516 2502 556 2562 de
585 2505 745 2572 Diueonn,
778 2516 809 2561 et
824 2503 931 2583 saciat
958 2525 1012 2566 eos
1041 2509 1088 2566 cel
1107 2529 1168 2566 eram
1188 2527 1251 2565 oscu-

178 2586 242 2645 lari
273 2581 482 2666 Euangelinrn
504 2598 534 2644 et
560 2605 683 2645 cracem
710 2585 847 2656 carisii,
879 2598 910 2645 et
935 2603 1082 2672 aspergat
1105 2609 1188 2671 snper
1213 2605 1250 2646 eos

180 2667 222 2726 de
248 2687 328 2750 aqisa
352 2670 455 2750 ipsa;¹
474 2681 505 2728 et
529 2669 593 2748 ipsi
620 2669 675 2748 qni
705 2668 855 2727 intraturi
886 2684 958 2728 sunt
985 2671 1030 2730 ad
1054 2673 1112 2730 Dei
1137 2689 1248 2740 examen,

180 2749 234 2809 del
261 2751 326 2808 illis
347 2751 490 2810 omnibns
516 2750 622 2810 bibere
648 2749 688 2808 de
711 2750 779 2832 ipsa
807 2770 889 2830 aqua
915 2752 1090 2817 benedicta.
1130 2751 1195 2810 Cum
1214 2771 1250 2808 cn·

179 2845 241 2892 tem
266 2831 409 2908 dederit,
431 2833 596 2913 unicnique
621 2831 716 2895 dicat.
756 2831 845 2891 Hunc
872 2853 989 2912 aquam
1016 2836 1090 2895 dedi
1120 2833 1186 2911 tibi,
1213 2831 1249 2889 sel

178 2914 358 2992 vobis,·ad
388 2914 611 2997 probationem
638 2913 746 2978 hodie.
812 2914 937 2974 Deinde
970 2919 1165 3001 imponantur
1189 2916 1250 2991 ligna

179 2998 287 3059 subter
306 2996 460 3074 caldaria,
484 3007 514 3056 et
536 2995 622 3057 dicat
650 2994 806 3056 Sacerdos
831 2999 886 3056 lias
910 3002 1071 3059 orationes
1094 2997 1202 3082 qscando
1219 2998 1251 3076 ip·

178 3089 324 3162 su'aqua
350 3081 503 3142 calescere
527 3080 675 3162 coeperit.

196 3181 224 3202 ¹
238 3166 243 3189 l
257 3191 299 3274 lp
321 3171 450 3270 illumino
477 3202 602 3274 sanetae
624 3189 800 3258 Trinitatis.
843 3194 930 3254 Deus
953 3194 1064 3274 iudex,
1088 3197 1187 3272 iustus,
1204 3193 1250 3251 lor·

179 3273 232 3356 tis,
253 3271 441 3358 apellens,
464 3274 524 3357 qui
551 3285 599 3336 est
624 3281 735 3333 auctor
763 3284 794 3336 et
823 3285 948 3336 creator
973 3277 1113 3340 clemens
1133 3289 1161 3339 et
1179 3276 1250 3336 mise-

177 3347 351 3439 diorigas
376 3357 497 3430 iudicas
520 3355 732 3437 aequitatem,
757 3366 794 3417 tu
814 3356 921 3418 iudica
944 3357 1001 3441 qni
1023 3361 1137 3422 inssisti
1155 3367 1250 3420 rectum

179 3429 532 3530 igdicipiniacerofft
557 3439 687 3520 respicis
713 3447 955 3522 superterram,
979 3451 1012 3501 et
1036 3445 1111 3504 facis
1132 3451 1250 3504 eemtre·
1305 3461 1306 3518 j

179 3545 294 3608 mere
301 3518 381 3617 ,fl-'u
402 3523 489 3599 Deus
517 3521 737 3604 omnipotens,
768 3521 824 3616 gui
846 3545 905 3606 per
930 3524 1103 3585 adventunl
1124 3517 1249 3606 unigeniti

179 3602 240 3670 filii
261 3603 461 3684 iugrD'oupini
485 3603 585 3664 nostri
608 3607 683 3664 Iesu
704 3601 825 3664 Christi
847 3606 1004 3667 mundum
1025 3607 1192 3682 redemisti,
1209 3599 1248 3686 qni

177 3679 236 3784 pei
255 3678 328 3751 'aiis
348 3685 529 3775 passionem
549 3706 649 3767 genus
678 3685 853 3746 humanum
879 3689 1057 3750 subvenisti
1084 3701 1115 3750 et
1140 3684 1249 3754 salvasti,

180 3782 215 3840 tu
238 3767 466 3855 hundc'aqnam
492 3761 671 3828 ferventem
688 3767 862 3830 sanctifica.
905 3771 970 3848 Qui
1001 3781 1064 3834 tres
1085 3793 1202 3854 pueros,
1226 3764 1248 3823 ld

178 3839 237 3938 eit,
253 3846 405 3928 ¹Sislrach,
423 3847 549 3936 ,blisach
579 3855 611 3909 el
634 3849 810 3933 Abdenago
832 3851 892 3912 sub
917 3855 1003 3936 Rege
1025 3851 1186 3934 Babylonis
1207 3849 1249 3910 lla·

176 3937 427 4015 buchodonosor
462 3935 494 3992 in
527 3931 652 4016 eam-ino
674 3933 757 4014 ignis
780 3956 913 3996 aceensa
936 3937 1067 3998 fornace
1088 3933 1209 4008 salvasti,
1227 3933 1249 3988 el

175 4009 314 4098 inlaesos
330 4013 392 4104 'perr
406 4013 574 4102 ,Angelum
594 4023 686 4074 tuum
708 4015 847 4078 eduxisti
855 4017 868 4088 ,'
891 4028 926 4079 tu
948 4019 1181 4082 clementissime
1198 4017 1248 4076 Do·

173 4093 459 4186 minatorpruesii
480 4107 515 4168 ut
534 4099 560 4161 si
582 4097 655 4180 quis
674 4098 832 4162 innocens
852 4100 891 4160 ab
912 4097 1094 4164 huiusmodi
1114 4101 1248 4184 culpuseu

174 4186 268 4262 caina
285 4182 356 4259 sire
371 4183 582 4267 ¹reputatione
604 4179 782 4261 homicidii,
804 4181 967 4266 adulterii,
988 4182 1145 4252 latrocinii
1161 4177 1246 4249 luerit.
