2676 4976
473 367 754 422 innucnvansus
840 413 844 420 .
1108 348 1181 420 507

93 510 149 576 tibi
180 531 232 592 pro
261 508 326 590 ipso
354 507 546 570 beneficium
577 509 663 570 iuter
693 528 796 568 annus
819 515 929 570 tantus
957 505 1043 568 vinia
1072 507 1180 578 medio

94 597 177 656 iusto
196 601 326 668 tantum,
360 591 416 668 qul
441 601 488 652 est
517 613 613 672 supra
642 591 847 650 terraturium
880 589 981 650 sancti
1007 590 1114 666 illius,
1144 590 1180 650 in

95 676 171 738 villa
189 675 253 745 illa;
282 683 311 734 et
331 672 495 756 subiungit
519 675 558 734 de
588 695 653 732 uuo
676 673 775 732 latere
799 671 888 732 vinia
909 670 1009 749 illius,
1037 684 1073 733 ut
1094 673 1181 734 iute-

95 759 154 818 rim
174 779 219 816 res
244 765 351 818 vestras
380 756 501 816 micum
526 755 669 816 habuero
696 755 753 814 illa
774 755 908 830 blaeda,
939 775 1037 835 quem
1061 755 1182 816 ibidem

96 842 176 901 Deus
193 839 314 910 dederit,
338 840 372 898 in
395 847 482 898 tuam
506 860 638 900 revoces
658 845 855 920 potestatem.
897 839 939 900 Et
961 839 1060 918 quod,
1082 840 1108 902 si
1129 837 1182 898 ad-

97 924 177 1000 solet,
197 921 247 1002 ipsi
271 943 375 982 annus
395 929 502 982 tantus
529 922 679 1002 completi
706 921 849 995 fuerunt,
869 942 937 980 rem
960 930 1097 981 vestram
1110 919 1182 979 red·

97 1004 163 1065 dere
185 1002 307 1079 debiam,
331 1014 364 1064 et
389 1004 571 1063 cautionem
598 1025 699 1062 meam
718 1003 862 1084 recipere
886 1001 1002 1081 facias,
1034 1013 1088 1064 aut
1108 1001 1179 1079 tibi,

95 1095 143 1147 aut
160 1087 203 1147 cui
222 1086 404 1147 cautionem
422 1087 514 1148 istam
536 1087 663 1148 dederis
686 1087 724 1146 ad
750 1085 961 1169 exugendum.

460 1217 578 1298 Incipit
606 1215 792 1294 ingenuitas.

157 1353 269 1417 XXIII.
312 1353 530 1415 Dilectissimo
557 1363 666 1414 nostru
691 1353 750 1414 illo
777 1375 838 1438 ego
865 1355 931 1420 ille.
981 1353 1118 1416 Noverit
1148 1363 1180 1415 te

85 1457 135 1517 pro
154 1435 328 1496 divinitatis
357 1439 477 1496 intuitu
499 1447 531 1496 et
551 1435 674 1499 animae
700 1458 789 1497 meae
814 1438 1016 1514 remedium,
1048 1438 1101 1500 vel
1125 1459 1180 1496 ae-

62 1529 163 1601 ¹terna
188 1519 403 1580 retributione
426 1531 557 1580 eatenus
578 1529 609 1578 at
636 1519 746 1578 iucum
768 1520 975 1580 servitudinis
995 1520 1055 1580 tibi
1073 1519 1182 1580 absol-

83 1621 192 1674 vemus,
215 1611 250 1660 ut
275 1602 432 1682 quamdiu
459 1602 628 1677 advixeris,
652 1602 690 1662 de
718 1623 825 1662 meum
851 1623 916 1662 uon
943 1603 1086 1663 discedas
1111 1621 1180 1662 ser-

81 1682 204 1752 vitium5
237 1694 270 1744 et
298 1693 372 1764 post
402 1705 509 1746 meum
545 1706 675 1763 quoque
706 1685 881 1744 discessum
918 1707 992 1746 cum
1018 1684 1105 1744 omni
1125 1702 1182 1764 pe-

81 1765 189 1824 culiare
213 1767 303 1846 quod
327 1765 435 1844 habes,
456 1776 512 1825 aut
534 1765 679 1826 laborare
702 1767 863 1849 potueris,
885 1767 1059 1848 iugenuam
1083 1767 1181 1825 ducas

80 1847 174 1922 vitum,
199 1857 364 1928 tamquam
384 1873 417 1909 se
439 1850 478 1908 ab
508 1848 658 1929 ingenuis
683 1849 867 1930 parentibus
891 1851 1007 1910 fuisses
1027 1867 1180 1929 procrea-

80 1937 141 2005 tus,
166 1941 198 1990 et
225 1932 354 1991 nullius
379 1932 437 1992 tibi
456 1952 516 1991 nec
540 1931 725 2008 servitium,
755 1953 816 1991 nec
839 1933 967 1992 nullum
990 1929 1181 2010 obsequium

78 2009 222 2072 heredum
240 2035 277 2074 ac
299 2013 517 2095 proheredum
534 2034 679 2073 meorum
693 2023 724 2072 te
744 2015 917 2096 quicquam
932 2015 1088 2074 redebere
1108 2031 1181 2092 cog·

78 2114 190 2170 nuscas,
209 2095 272 2156 uisi
297 2095 356 2156 suh
370 2095 567 2160 ¹defensioue
585 2097 688 2155 sancti
705 2096 836 2158 basileci
854 2097 963 2157 domui
981 2097 1070 2155 illius
1085 2114 1180 2176 prae·

76 2175 141 2236 beas
163 2178 372 2258 obsequium,
411 2201 475 2238 nou
505 2178 698 2257 requiratur.
750 2179 784 2240 Si
807 2179 878 2260 quis
901 2179 1008 2260 (quod
1033 2180 1179 2236 futurum

78 2277 217 2320 essenon
242 2261 363 2338 credo)
385 2261 411 2321 si
438 2261 538 2322 fuerit
563 2282 646 2320 unus
672 2261 711 2324 de
731 2261 906 2324 heredibus
928 2261 1007 2322 meis
1031 2259 1085 2322 vel
1104 2279 1180 2340 qua·

76 2338 147 2398 libet
171 2342 317 2423 obposita
337 2364 484 2424 persona,
507 2342 564 2424 qui
582 2351 691 2402 contra
711 2343 794 2404 hanc
816 2345 1059 2426 ingenuitatem,
1082 2361 1180 2423 quem

76 2441 127 2502 ego
145 2423 227 2484 bona
248 2426 416 2487 voluntate
438 2426 508 2486 sieri
529 2426 652 2506 rogavi,
675 2448 768 2508 agere
784 2427 960 2504 conaverit,
979 2426 1013 2485 in
1032 2425 1179 2508 primitus

75 2503 129 2563 Dei
144 2507 289 2567 incurrat
306 2506 438 2585 iudicio,
455 2519 488 2568 et
511 2508 529 2568 a
548 2509 714 2569 liminibus
733 2510 952 2586 ecclesiarum,
974 2509 1180 2570 basilicarum

77 2586 122 2644 vel
142 2589 288 2648 omnium
311 2591 512 2652 sacerdotum
543 2612 773 2652 excommunus
805 2593 941 2674 accipiat
967 2593 1055 2651 illam
1082 2590 1180 2650 male·

77 2665 253 2748 dictionem,
280 2693 377 2754 quem
403 2674 485 2734 luda
514 2673 663 2734 Scariotis
684 2674 830 2757 accipiat,
855 2685 886 2735 et
918 2697 988 2734 mea
1013 2676 1177 2735 voluntate

76 2770 139 2810 cum
158 2753 288 2814 Christo
307 2755 442 2836 accipiat
465 2754 692 2832 misericordia,
711 2767 743 2816 et
764 2759 851 2838 quod
864 2758 983 2838 repetit
1003 2775 1178 2836 numquam

77 2832 169 2894 valeat
189 2858 247 2896 sua
274 2836 420 2897 voluntas
442 2835 595 2914 obtineat,
618 2849 650 2900 ct
662 2841 844 2920 ingenuitas
866 2839 924 2900 ista
944 2839 1081 2921 perenni
1096 2849 1179 2900 tem-

75 2935 143 2994 pore
164 2917 257 2980 firma
277 2930 470 3002 permaneat.

479 3053 597 3134 Incipit
617 3050 762 3114 indicias.

149 3187 274 3255 XXIV.
315 3190 480 3253 Eveniens
496 3191 547 3251 illi
565 3190 743 3253 Andecavis
763 3189 892 3252 civitate
914 3197 987 3248 ante
1011 3189 1069 3249 illo
1083 3189 1178 3250 Prae·

75 3269 166 3345 posito
188 3275 242 3332 vel
259 3274 395 3353 reliquis
410 3274 605 3351 homiuibus,
626 3274 682 3355 qui
707 3295 781 3333 cum
796 3293 834 3332 eo
857 3272 1001 3346 aderant,
1025 3272 1179 3353 interpel·
1221 3275 1223 3279 ’

75 3349 173 3412 labant
194 3354 306 3437 aliquo
332 3356 483 3432 bomine,
508 3379 626 3418 nomen
654 3356 731 3432 illo,
754 3354 845 3436 quasi
868 3354 1018 3413 animalia
1041 3375 1178 3436 persua

76 3445 191 3495 menate
214 3459 269 3498 eos
293 3441 409 3500 dueare
431 3438 605 3512 habuissit,
636 3449 668 3498 et
691 3438 756 3520 ipsa
779 3427 1017 3518 animalia'per
1035 3458 1092 3498 sua
1113 3458 1178 3496 me-

78 3525 152 3592 nata¹
172 3520 296 3600 aliquas
323 3531 441 3582 mortes
470 3524 617 3597 fuerant,
652 3530 685 3581 et
712 3523 779 3602 ipsa
807 3539 924 3602 pecora
954 3520 1003 3580 illi
1036 3518 1177 3581 excorti-

77 3600 176 3677 cassit,
207 3615 381 3686 posteaque
404 3613 519 3665 mortes
542 3607 685 3664 fuerunt.
728 3605 963 3686 Interrogatum
982 3602 1046 3662 fuit
1065 3600 1125 3682 ipsi
1140 3599 1178 3662 il·

78 3677 116 3755 li,
143 3684 220 3764 quid
243 3686 362 3747 dehac
384 3707 476 3746 causa
497 3707 650 3770 responso
672 3687 778 3747 daret:
802 3697 833 3746 et
851 3686 911 3767 ipsi
936 3685 986 3745 illi
1004 3685 1113 3744 taliter
1132 3685 1178 3744 lo-

72 3773 161 3844 cutus
182 3767 261 3846 fuit,
284 3769 371 3848 quod
397 3789 457 3828 nec
478 3792 533 3830 sua
559 3769 708 3828 animalia
730 3791 905 3851 numquam
927 3768 1089 3843 meuassit,
1109 3788 1177 3828 nec

79 3864 213 3923 persua
245 3862 371 3911 menata
398 3851 465 3932 ipsa
495 3850 644 3911 animalia
673 3852 788 3932 degere
812 3873 986 3932 numquam
1008 3849 1175 3926 habuissit,

80 3945 133 3987 nec
161 3930 199 3990 de
221 3953 332 3994 manus
355 3956 425 3994 suas
447 3934 664 3994 excorticatas
687 3955 862 4014 numquam
882 3933 1028 3993 fuissent.
1070 3931 1175 4014 Prop-

78 4013 157 4070 terea
175 4013 280 4074 visum
300 4017 363 4075 fuit
384 4015 422 4076 ab
444 4016 513 4098 ipso
533 4015 730 4097 Praeposito,
759 4017 812 4078 vel
828 4015 885 4096 qui
911 4036 984 4075 cum
1007 4014 1076 4094 ipso
1103 4013 1176 4073 adee

78 4100 157 4168 rant,
179 4097 272 4158 utin
303 4109 412 4160 noctes
438 4107 539 4160 tantas
566 4099 652 4178 apud
678 4097 825 4160 homines
850 4107 956 4157 tantus
977 4094 1046 4177 ipsi
1068 4093 1116 4154 illi
1140 4096 1172 4154 in

78 4169 204 4240 basileca
227 4178 336 4240 domni
358 4181 446 4242 illius
473 4199 631 4242 excusare
656 4179 796 4240 deberit:
829 4201 861 4244 se
892 4181 953 4240 boc
982 4180 1088 4238 facere
1115 4179 1197 4240 de?

79 4251 174 4337 bebat,
195 4260 232 4323 de
255 4262 315 4324 hac
339 4285 431 4328 causa
452 4263 512 4348 ipsi
542 4263 591 4324 illi
614 4284 814 4348 compascere
837 4263 971 4326 debirit:
994 4261 1043 4324 siu
1067 4271 1173 4324 autem
