2694 4988
186 275 259 348 682
387 290 498 347 snsns
517 290 813 346 nsnoousnnscsu
848 293 1017 348 norman
1052 299 1083 350 ιι.

187 446 263 514 tem,
285 441 318 496 et
338 429 556 516 Reipublicae¹
570 451 635 492 non
659 432 821 492 mediocre
844 431 1065 496 detrimentum
1083 437 1240 524 inlsnsnlen,

186 537 332 580 resecare
351 513 588 600 proposuimus.
630 515 810 575 Permnllss
833 514 921 576 enim
941 516 1185 601 interpellationes
1198 529 1241 590 lac·

185 610 234 664 tes
255 600 296 662 ad
318 620 377 662 nos
399 597 590 672 didicimus,
612 596 730 660 milites
751 597 908 660 beneficia
928 620 984 659 sue
1003 601 1107 683 passim
1126 605 1241 668 distrahe·

184 705 234 762 re,
256 705 294 746 sc
315 682 359 744 itu
379 679 529 742 omnihus
550 677 712 742 exhaustis
734 701 865 741 suorum
887 681 1053 742 Seniorum
1071 687 1182 748 servitis
1196 692 1241 751 suls

185 765 371 848 teriugsre=
401 782 460 848 per
490 761 579 845 quod
607 763 691 824 vires
714 763 844 845 imperii
873 765 1009 826 maxime
1030 775 1241 834 attenuatasssss

187 846 423 932 cognovimus,
461 844 539 908 dum
574 866 725 929 proceres
760 847 860 908 nostri
896 847 1013 908 milites
1040 871 1107 910 snos
1138 853 1241 915 omnibus

164 929 355 1014 ,beneficiis
383 927 450 992 suis
482 937 597 990 exutos
627 929 667 992 ud
685 928 830 990 *felicem
865 930 964 990 nostri
999 932 1128 993 nominis
1151 937 1241 1016 expedi.

186 1014 309 1076 tionem
344 1010 478 1074 minime
518 1013 726 1073 transducere
757 1011 895 1072 valeant.
957 1013 1086 1075 Hortutu
1117 1015 1203 1096 itaque
1224 1029 1242 1078 et

187 1095 325 1159 consilio
359 1091 685 1178 Archiepiscoporum
699 1138 710 1172 ,
738 1095 893 1172 Ducum,
925 1094 1151 1175 Messeniorum,
1174 1100 1242 1160 Coni-

188 1190 257 1240 tum
290 1178 530 1254 Palatiuorum,
562 1185 808 1258 ceterorumque
841 1176 1009 1238 Nobilium
1046 1179 1132 1240 simul
1156 1189 1181 1240 el
1208 1184 1242 1241 In-

186 1261 321 1341 dicum,
352 1259 413 1322 hnc
435 1258 566 1322 edictali
588 1258 716 1343 legein
740 1277 835 1321 omne
857 1281 972 1321 nevum
992 1263 1060 1322 Deo
1080 1262 1196 1346 propitio
1210 1286 1242 1324 rn-

185 1343 284 1406 litura
306 1342 528 1420 decernimus,
544 1344 680 1404 'nemini
704 1343 801 1404 licere
822 1341 998 1420 beneficia,
1020 1365 1098 1425 quac
1117 1366 1133 1404 a
1149 1345 1197 1406 suis
1209 1347 1242 1406 Se-

186 1425 332 1490 nioribus
352 1423 473 1504 hebet,
503 1425 623 1509 ubsque
644 1425 786 1508 ipsorum
807 1425 1020 1510 permissione
1041 1425 1199 1504 distrahere,
1211 1430 1240 1488 rel

185 1509 320 1593 aliquod
341 1509 571 1572 commercium
599 1508 752 1572 adversus
778 1516 927 1570 tenorem
948 1519 1074 1570 nostrae
1094 1509 1236 1571 constitutio-

186 1593 237 1654 nis
259 1591 642 1738 excogiturekeperflnod
664 1589 822 1677 imperii²
849 1591 904 1653 rel
932 1591 1137 1654 Dominorum
1161 1591 1233 1651 mirus·

184 1684 240 1737 tur
261 1675 397 1738 utilitas.
464 1696 474 1736 ι
495 1694 569 1757 quis
592 1695 670 1737 vero
691 1683 804 1736 contra
829 1671 1041 1738 suluberrimo
1066 1683 1175 1736 nostrae
1193 1674 1233 1754 legis

183 1766 360 1856 praecepte
378 1749 435 1820 ad
450 1755 633 1820 huiusmodi
663 1757 817 1818 illicitum
846 1758 1075 1820 commercium
1106 1759 1236 1830 occesserit,

184 1840 238 1902 vel
260 1842 288 1900 ul
328 1863 361 1908 ur
392 1842 440 1921 'iu'
463 1841 610 1920 fraudem
631 1839 710 1923 legis
732 1838 909 1901 machinari
930 1839 1112 1919 tentaverit,
1132 1839 1239 1922 pretiose

183 1840 385 1986 henefiiioi
422 1908 600 1986 soluturis
620 1931 780 2006 agnoscat.
821 1923 991 1984 Notarium
1011 1942 1103 2000 vero,
1122 1922 1168 2003 qui
1183 1941 1241 2000 super

183 2005 248 2068 hoc
269 2006 326 2067 tali
348 2015 516 2071 contructu
544 2006 712 2083 libellum,
744 2006 796 2068 vel
829 2005 920 2067 uliud
949 2006 1180 2068 instrumentum
1198 2023 1241 2062 con-

184 2089 370 2174 scripserit,
391 2099 464 2170 post
485 2089 691 2168 emissionem·
709 2087 829 2168 officii,
859 2088 1013 2149 infamiae
1035 2087 1191 2170 periculum
1205 2105 1243 2145 sus·

184 2173 290 2234 tinere
312 2173 483 2236 sancimus.
538 2175 656 2238 Dolum
678 2171 733 2236 vl.
755 2171 807 2236 die
829 2171 947 2236 mensis
969 2169 1149 2236 Novembris
1168 2167 1244 2228 indict.

185 2255 261 2320 XV.
282 2255 379 2318 Auno
400 2255 605 2323 MCXXXVi.
632 2260 634 2266 '
690 2253 754 2318 111.
777 2276 806 2338 9,
829 2276 859 2336 9.
