2734 4990
384 243 385 248 ’
477 245 715 314 εΑιΛιΖιεΝειεΙ
1090 224 1163 298 463

45 401 180 454 eontra·
201 389 337 452 rationis
364 386 491 450 ordines
523 387 697 448 servientes
727 386 863 446 Sanctae
895 384 1011 462 illius,
1047 390 1104 472 qui
1130 391 1164 452 in

45 485 158 536 vestra
191 473 341 534 mercede
368 469 399 531 in
430 470 579 552 regimini
603 467 785 542 ordinastis,
807 464 925 529 babere
953 464 1012 528 bor
1031 472 1165 550 faciant,

46 569 83 620 et
107 556 204 616 nulla
228 555 346 614 iustitia
366 554 451 634 apud
478 553 546 634 ipso
570 552 628 610 illo
651 570 849 631 consequere
869 572 972 632 posso.
1015 553 1167 638 Propter.

49 664 104 716 ea,
127 643 266 713 Domne‚
288 637 443 719 supplice,
466 643 498 695 et
518 633 544 694 si
561 645 635 694 ante
658 642 761 693 vestra
780 634 960 713 praesentia
977 636 1087 715 fuisse,
1109 660 1166 721 ge-

52 745 125 782 nua
152 721 234 782 flexa
263 720 302 778 ad
327 729 411 778 terra
439 726 596 798 prostrata
633 717 672 774 ad
708 713 804 795 pedes
838 725 960 778 vestros
991 741 1164 802 suggerere

53 803 140 864 mihi
163 803 277 863 ancilla
300 810 405 861 vestra
429 800 596 881 oportebat
616 809 647 860 et
672 800 704 858 in
723 805 826 855 vostra
852 799 1001 862 mercede
1028 813 1060 864 et
1081 825 1166 867 amo-

55 909 95 948 re
128 887 196 946 Deo
220 885 271 946 vel
293 884 367 943 illos
395 885 528 943 Sanctus
560 883 650 944 cuius
678 877 810 938 t‘amulas
842 880 935 944 nobis
961 884 1080 948 exinde
1106 885 1166 951 de·

56 972 186 1030 sensere
212 965 357 1028 iubcritis
383 975 419 1024 ut
442 975 553 1024 contra
577 963 704 1024 malicia
730 969 840 1020 contra
866 965 1042 1028 servientes
1065 968 1165 1050 ipsius

58 1055 248 1112 Sanctorum
273 1049 324 1108 vel
360 1069 410 1107 me
443 1048 560 1110 ancilla
589 1056 693 1109 vestra
724 1044 830 1105 facere
867 1066 933 1106 non
970 1049 1166 1114 debuissent.

56 1134 205 1209 Domine,
227 1141 374 1192 nostrum
390 1139 437 1190 cst
458 1132 498 1191 ad
520 1128 769 1210 suggerendum.
811 1130 963 1191 Vestrum
981 1143 1030 1194 est
1053 1133 1092 1194 ad
1112 1157 1167 1196 or-

56 1215 234 1276 dinandum
263 1235 345 1296 quae
373 1213 491 1285 exinde
517 1211 672 1274 iustitiam
699 1211 845 1293 recipere
873 1209 1066 1292 debeamus,
1092 1217 1166 1302 pie-

55 1309 103 1361 tas
127 1307 233 1360 vestra
256 1306 304 1360 est
327 1294 429 1356 uobis.
1060 1311 1064 1321 ’

510 1433 700 1502 Iudieulum.

138 1539 202 1607 IX.
245 1539 456 1624 suggerendo
475 1542 601 1600 Domno
623 1539 766 1622 piissimo
796 1548 892 1621 atque
920 1544 1168 1624 praecellentis-

55 1628 138 1690 simo
159 1627 219 1686 illo
244 1625 384 1706 glorioso
405 1625 502 1704 Rege.
543 1623 617 1699 Nos,
635 1625 767 1700 Domni,
791 1622 967 1688 servientes
990 1629 1087 1688 vestri
1116 1652 1170 1712 pa·

58 1730 175 1790 genses
195 1708 297 1783 illius,
319 1707 407 1789 quod
428 1705 583 1766 veraciter
604 1706 821 1787 cognovimns,
850 1707 941 1769 vobis
967 1710 1169 1774 innotescere

58 1789 342 1874 praesumpsimus.
384 1789 486 1847 Homo
521 1786 620 1848 alicus
654 1810 770 1850 nomen
801 1789 859 1848 ille
897 1791 990 1852 nohis
1017 1791 1100 1852 dixit
1129 1815 1169 1855 eo

59 1873 153 1954 quod
181 1894 250 1932 casa
275 1893 330 1931 sua
352 1871 404 1956 vel
422 1878 597 1930 strumenta
618 1891 673 1930 sua
696 1869 876 1931 chartarum
899 1881 963 1934 tam
985 1875 1170 1937 vendietio-

58 1953 315 2030 nis,'cessionis‚
339 1951 494 2014 cautionis
503 1997 513 2029 ,
536 1951 790 2026 obnoxiationis,
813 1953 973 2032 iudicius,
995 1957 1170 2036 cessionis,

56 2038 114 2098 rel
141 2035 340 2112 donationis,
370 2043 427 2097 seu
451 2043 483 2094 et
509 2034 637 2115 reliqua
664 2044 832 2096 stramenta
862 2036 1044 2098 chartarum
1064 2040 1103 2100 ab
1125 2042 1170 2123 ig-

59 2141 102 2180 ne
134 2118 255 2178 ibidem
273 2125 492 2193 cremassent,
520 2116 597 2196 quia
624 2126 656 2178 et
683 2118 739 2181 ille
769 2114 872 2178 lude'x
902 2121 954 2181 vel
984 2121 1085 2184 vicini
1109 2145 1169 2205 pa-

59 2221 175 2283 genses
209 2200 307 2282 ipsius
335 2201 444 2260 taliter
477 2198 569 2258 nobis
602 2199 754 2260 dixerunt
786 2202 838 2262 vel
867 2203 1169 2267 testimoniaverunt

58 2283 149 2364 quod
170 2284 212 2346 ad,
232 2283 294 2343 hoe
324 2281 501 2342 videndum
527 2291 749 2354 accesserant,
777 2293 808 2342 et
834 2283 879 2344 sic
900 2306 978 2346 vero
1001 2295 1033 2347 et
1062 2297 1170 2350 actum

58 2367 178 2430 aderat.
199 2365 354 2440 Proinde,
376 2368 513 2438 Domne‚
536 2385 707 2445 suggerere
728 2367 1006 2448 praesumpsimus,
1029 2378 1061 2430 et
1081 2371 1170 2453 quod

59 2448 178 2508 exinde
202 2447 411 2528 cognovimus
433 2445 524 2508 vobis
546 2446 754 2511 innotuimus.
795 2451 931 2526 Domne‚
955 2461 1098 2514 nostrum
1121 2463 1171 2515 est

60 2532 100 2589 ad
129 2530 375 2612 suggerendum.
419 2528 571 2589 Vestrum
599 2539 646 2590 est
675 2530 715 2590 ad
747 2529 961 2594 ordinandum
985 2535 1074 2618 quod
1102 2535 1170 2621 ipsa

62 2613 180 2673 exinde
210 2621 303 2694 agere
332 2612 458 2673 debeat.

533 2743 725 2805 Indiculam.

148 2856 188 2919 X.
226 2858 358 2916 Domus
380 2867 412 2916 et
440 2857 621 2917 dulcissima
654 2852 817 2937 genetrice
848 2877 918 2916 mea
954 2858 1031 2936 illa,
1071 2862 1172 2941 prolis

69 2946 179 2997 vester
203 2937 272 3010 ille,
295 2938 433 2999 serviens
456 2947 570 3016 vester,
595 2939 678 2998 illud
700 2938 881 3020 imprimitis
912 2941 1000 3019 quod
1031 2941 1172 3022 plurima

66 3023 164 3094 sunt,
194 3030 225 3079 et
250 3020 293 3080 sic
325 3021 535 3080 necessarium
571 3022 596 3082 si
630 3019 846 3101 praesumptio
874 3021 1011 3080 ostendit
1036 3023 1173 3085 salutem

66 3100 289 3183 plenissimam
311 3103 344 3160 in
365 3104 500 3162 Domino
522 3104 593 3164 lesu
621 3103 746 3162 Christo
775 3101 864 3161 vobis
895 3101 1055 3163 destinare
1078 3126 1173 3186 prae-

65 3205 183 3261 sumo,
206 3193 239 3244 et
267 3184 413 3266 supplico
437 3208 494 3267 pro
515 3207 552 3246 eo
581 3187 668 3267 quod
694 3187 750 3244 istc
773 3205 922 3266 praesens
950 3184 1007 3244 ille
1028 3189 1174 3253 serviens

66 3276 176 3326 vester
204 3268 221 3325 d
246 3288 317 3326 mea
345 3269 497 3348 parvitate
529 3267 683 3350 expetivit
718 3277 750 3326 nt
778 3267 868 3325 inulla
891 3266 1011 3325 malitia
1039 3268 1077 3328 de
1100 3271 1173 3336 istas

65 3348 179 3430 culpes
205 3350 294 3430 quod
317 3349 383 3429 ipse
409 3352 597 3432 confugium
620 3350 697 3410 fecit
719 3350 835 3408 exinde
866 3371 931 3408 non
955 3348 1089 3428 habeat,
1117 3358 1174 3417 sed

66 3430 107 3489 ad
136 3453 208 3491 mea
231 3433 415 3512 precatione
443 3431 610 3502 excusatus
628 3433 745 3493 exinde
770 3432 974 3492 essedebeat.
1015 3434 1110 3516 Agite
1131 3448 1175 3499 ta-

66 3512 145 3572 liter
161 3535 258 3594 quem
277 3535 335 3594 ego
357 3535 417 3596 per
431 3538 487 3577 vas
509 3517 593 3576 bona
616 3513 733 3574 fiducia
755 3525 787 3572 et
805 3535 901 3594 quem
920 3518 1048 3576 Domno
1071 3529 1103 3580 et
1124 3544 1176 3605 ge·

68 3595 177 3654 nitore
199 3618 269 3656 meo
295 3598 399 3678 iugale
425 3609 530 3658 vestro
554 3599 611 3656 illo
640 3618 716 3656 sano
740 3606 771 3655 et
786 3597 868 3656 laeto
893 3599 1040 3680 proprios
1063 3607 1174 3667 oculos

68 3677 212 3739 celerius
234 3699 411 3740 mereamus
436 3679 557 3742 videre.
599 3681 720 3739 lterum
743 3679 915 3741 salutamus
937 3682 1037 3747 robis.

484 3889 486 3896 y
528 3813 715 3878 [radiculam.

154 3931 214 3998 XI.
257 3934 447 3995 Sanctorum
473 3930 595 3992 meritis
623 3929 834 3990 beatificando
861 3931 988 3990 Domno
1021 3938 1055 3991 et
1084 3933 1176 3994 fratri

73 4010 274 4094 importuno.
315 4020 441 4079 Domne
469 4011 651 4076 dulcissime
680 4021 712 4070 et
743 4014 841 4070 frater
863 4013 1023 4074 carissime
1058 4014 1177 4097 Impor-

73 4105 172 4174 tune,
206 4099 294 4178 quod
321 4098 471 4181 recepisti
491 4107 555 4157 tam
588 4097 667 4157 dura
694 4091 863 4154 aestimasti
895 4115 952 4155 nos
981 4095 1043 4154 iam
1068 4097 1177 4159 vicina

75 4187 177 4240 morte
201 4181 241 4242 de
265 4182 346 4243 fame
377 4181 504 4267 perire,
536 4189 568 4241 et
589 4177 717 4262 quaudo
744 4177 838 4238 talem
859 4197 1020 4241 annonam
1044 4180 1175 4245 voluisti
