2734 4990
140 267 244 344 m*
587 241 786 320 mmm

77 481 94 507 ,
141 411 348 508 stipulatione
370 407 559 494 composita,
589 403 744 468 diuturno
769 405 911 484 tempore
941 387 1140 460 inconvulsa.
1172 383 1244 444 Aa·

142 520 220 572 tum.
260 503 302 570 Et
324 496 459 580 reliqna.

479 620 617 683 Donotre
639 615 684 678 ad
701 633 807 678 casam
826 611 898 672 Dei.
971 611 978 620 '

152 767 162 801 x
220 744 319 814 XXI.
359 737 498 806 Domino
527 755 604 797 vere
629 738 739 794 saneto
762 749 799 790 ae
815 719 1083 792 reverendissimo
1109 716 1244 780 Monae-

137 833 216 901 'terii
236 830 337 908 illius,
358 833 418 888 ete.
439 833 473 886 ut
492 837 586 904 supra
604 834 676 900 pag.
698 811 768 877 562.

476 948 627 1015 Precatio
647 943 693 1008 ad
714 963 818 1007 casem
835 944 907 1008 Dei.
928 997 931 1004 .

223 1074 330 1142 xxu.
375 1065 522 1134 Dominis
546 1081 625 1126 rere
655 1056 773 1122 sanctis
802 1054 988 1118 Monasterii
1018 1053 1052 1115 in
1083 1051 1243 1112 honorem

143 1170 269 1230 sanctae
295 1152 415 1218 Mariae
444 1159 477 1210 et
501 1144 603 1210 sancti
620 1141 710 1205 Petri
739 1150 771 1201 et
795 1138 897 1200 sancti
923 1136 1031 1213 Pauli,
1052 1133 1243 1216 Principum

141 1241 378 1330 Apostolorum,
395 1228 568 1295 constructi
581 1228 615 1287 in
630 1246 712 1306 pago
725 1218 934 1297 wastinensi,
951 1219 1006 1280 ubi
1026 1215 1160 1277 illustris
1178 1213 1244 1274 Ab·

142 1329 258 1392 batissa
280 1322 329 1383 ill.
355 1315 475 1379 custrix
503 1329 646 1393 praeesse
671 1304 821 1380 videtur,
842 1321 908 1362 uua
934 1323 1008 1364 cum
1030 1318 1140 1360 norma
1165 1296 1243 1376 plu..

141 1411 224 1477 riro'a
245 1397 435 1468 ancillarum
453 1395 572 1456 ibidem
592 1385 845 1462 consistentium,
859 1404 919 1466 ego
938 1382 994 1444 illa
1007 1381 1137 1444 femina,
1155 1381 1243 1439 D'um

145 1514 212 1556 nou
232 1488 372 1550 hahetur,
380 1475 591 1560 incognitum,
611 1470 670 1532 sed·
688 1466 836 1551 plurimis
857 1476 904 1528 eat
925 1465 1138 1538 manifestum,
1155 1456 1245 1541 quod

53 1599 62 1618 ¹
146 1598 206 1660 ego
228 1593 280 1636 res
300 1559 503 1660 proprietatis
524 1575 613 1618 meae
634 1551 668 1612 in
698 1552 770 1612 loco
794 1548 852 1632 qui
872 1547 990 1609 dicitur
1011 1545 1059 1606 ill.
1076 1565 1137 1628 per
1157 1539 1245 1624 epis·

145 1659 244 1721 tolam
265 1643 447 1732 donationis
472 1638 636 1720 adipsum
661 1632 890 1696 Monasterium
915 1639 1057 1692 restrum
1085 1620 1246 1706 delegavi.
1354 1664 1355 1669 ,

146 1744 322 1823 Propterea
347 1725 468 1810 expetii
495 1723 514 1784 h
541 1718 656 1796 vobis,
684 1726 718 1778 et
744 1735 801 1776 vos
826 1702 1029 1794 petitionem
1045 1721 1148 1770 meam
1176 1723 1243 1764 non

146 1814 347 1902 denegastis,
367 1818 405 1871 ut
428 1808 510 1892 ipsas
529 1823 598 1880 res,
641 1794 763 1864 nundin
786 1793 915 1870 advivo,
935 1794 994 1854 sub
1013 1813 1074 1852 usu
1091 1783 1245 1852 beneficii

146 1903 244 1968 vestri
268 1908 380 1959 tenere
400 1900 434 1953 et
455 1906 570 1950 nsuare
590 1883 630 1946 de
655 1901 734 1956 eam,
756 1885 788 1939 et
808 1875 909 1937 aliubi
928 1876 1011 1959 ipsas
1030 1895 1081 1936 res
1102 1871 1245 1936 alienare

145 1980 349 2071 pontificium
374 1994 441 2034 non
467 1969 618 2045 habeam,
649 1967 775 2043 etpost
798 1979 906 2020 meum
930 1977 1059 2040 quoque
1073 1955 1247 2016 discessum

148 2090 223 2130 cum
246 2059 333 2126 omni
350 2075 387 2118 re
408 2051 592 2118 emeliorata
615 2047 656 2108 ad
679 2043 784 2126 ipsum
802 2039 1033 2110 Mouasterium
1055 2036 1174 2118 absque
1191 2032 1246 2093 ul·-

149 2153 182 2213 l‘a
197 2149 362 2230 expectata
378 2135 553 2200 traditione
573 2150 632 2193 vos
656 2126 709 2190 vel
725 2127 875 2186 Rectores
893 2121 994 2204 ipsius
1007 2113 1190 2182 Monasterii
1211 2113 1245 2172 in

149 2251 261 2296 eorum
281 2223 400 2288 laciant
417 2235 571 2282 revocare
590 2217 779 2294 potestatem
797 2214 829 2267 et
849 2203 1110 2272 dominationem.
1150 2199 1193 2259 Et
1212 2204 1247 2254 ut

149 2316 184 2376 in
206 2306 410 2396 postmodum
433 2297 565 2381 aliquod
585 2288 820 2377 praeiudicium
845 2307 885 2348 ex
911 2287 974 2348 hoc
1002 2302 1153 2367 generare
1180 2299 1247 2338 non

151 2397 304 2470 debeam,
330 2394 500 2470 propterea
524 2371 609 2438 lianc
638 2371 814 2457 precariam
838 2368 929 2431 vobis
955 2367 1007 2430 vel
1033 2365 1093 2448 ipsi
1119 2363 1250 2424 Menas-

148 2479 231 2540 terio
259 2482 366 2534 vestro
386 2461 592 2528 emittendam
610 2453 763 2532 decrevi,
793 2460 829 2526 ut
857 2471 963 2532 neque
985 2471 1044 2531 ego
1067 2440 1249 2526 neque-ul-

149 2562 201 2622 lus
222 2559 264 2621 de
290 2548 465 2614 heredibus
483 2541 573 2620 meis,
594 2536 738 2621 quamvis
762 2553 820 2618 per
839 2532 1019 2614 longinqua
1037 2527 1148 2610 spatia,
1168 2524 1251 2608 ipsas

150 2657 203 2704 res
225 2643 372 2720 repetere
396 2648 461 2690 non
483 2625 661 2688 debeamus.
703 2616 803 2696 Quod
826 2615 883 2696 qui
906 2613 1031 2690 fecerit,
1054 2611 1171 2671 inferat
1189 2627 1249 2669 vo-

149 2724 202 2786 bis
223 2722 278 2786 vel
299 2713 441 2800 partibus
466 2708 565 2790 ipsius
593 2698 779 2772 Mouasterii
808 2697 937 2780 suisque
961 2693 1150 2757 Rectoribus
1179 2686 1249 2748 auri

151 2804 268 2870 libram
291 2819 388 2860 unam
416 2785 672 2874 argentipondo
697 2783 779 2858 duo,
809 2789 842 2840 et
865 2800 1015 2862 praesens
1036 2771 1179 2859 precaria
1200 2770 1251 2830 fir-

148 2911 203 2952 ma
223 2884 416 2970 permaneat.
463 2875 507 2935 Et
529 2879 566 2930 ut
591 2867 672 2928 aliae
693 2862 873 2947 praecariae
899 2861 939 2922 de
967 2853 1192 2944 quinquennio
1215 2852 1250 2912 in

152 2961 415 3055 quinquennium
434 2962 652 3026 renovantur,
680 2947 771 3008 istam
791 2965 870 3004 vero
899 2964 965 3004 nou
985 2943 1027 3002 sit
1047 2956 1176 3000 neeesse
1197 2956 1250 2996 re-

154 3063 286 3126 nouare,
305 3043 362 3108 sed
381 3062 440 3124 per
464 3034 665 3116 semetipsam
686 3026 938 3108 omnitempore
961 3024 1103 3084 obtineat
1125 3017 1251 3078 firmita-

153 3147 232 3214 tem,
252 3145 327 3194 curu
352 3120 558 3208 stipulatione
580 3114 733 3178 subnexa.
773 3109 901 3173 Actum.
940 3107 984 3170 Et
1004 3104 1141 3186 reliqua.

607 3236 798 3304 Praestario.

164 3329 1250 3444 ·fflmfflmmmmmwmmm.

153 3468 241 3530 Dum
272 3479 338 3521 non
369 3461 417 3516 est
443 3444 642 3527 incognitum
667 3436 806 3520 qualiter
828 3443 865 3494 tu
894 3444 967 3494 ante
999 3431 1057 3491 hos
1087 3429 1155 3490 dies
1183 3449 1250 3491 rem

154 3539 359 3632 proprietatis
382 3546 456 3594 tuae
481 3529 515 3592 in
537 3546 618 3606 pago
641 3523 687 3585 ill.
708 3519 742 3577 in
763 3519 836 3577 loco
856 3515 913 3600 qui
929 3516 1049 3577 dicitur
1063 3511 1109 3571 ill,
1132 3511 1170 3570 ad
1186 3511 1251 3570 Mo.

125 3633 128 3641 ’
156 3627 331 3691 nasterium
361 3625 488 3680 sanctae
521 3608 639 3671 Mariae
670 3599 865 3676 adfirmasti,
906 3598 992 3658 uude
1025 3591 1251 3676 precariam&

154 3705 322 3774 nobis'vel
346 3703 384 3761 ab
407 3700 476 3779 ipso
506 3685 700 3754 Monasterio
721 3681 862 3765 petiisti,
890 3689 1059 3764 propterea
1082 3675 1137 3736 has
1164 3676 1250 3735 litte.

152 3816 203 3858 ras
225 3792 258 3852 in
282 3798 313 3850 te
335 3776 579 3847 adfirmavimus,
604 3779 647 3831 ut¹
664 3763 882 3828 dum‘advivis'
895 3762 1050 3824 usualiter
1068 3759 1165 3840 ipsam
1184 3777 1251 3818 rem

152 3889 264 3940 tenere
288 3879 321 3932 et
340 3861 505 3928 dominare
527 3855 657 3929 debeas,
678 3859 711 3909 et
736 3847 836 3906 aliubi
858 3844 956 3928 ipsam
979 3843 1119 3914 alienare
1148 3838 1251 3922 ponti.

151 3960 261 4023 ficium
285 3974 351 4014 nou
371 3947 510 4018 babeas,
541 3947 574 3998 et
601 3933 718 3996 si'boe
749 3937 882 3988 conatus
908 3927 970 3989 eris
993 3927 1118 3997 facere,
1151 3923 1249 4002 ipsam

152 4066 222 4108 rem
251 4041 268 4103 d
294 4036 346 4098 die
376 4031 546 4114 praesente
573 4017 698 4103 perdas.
749 4013 792 4072 Et
813 4019 849 4070 ut
874 4010 930 4070 has
953 4008 1074 4070 litteras
1095 4003 1249 4062 firmiores

151 4126 310 4198 obtineas,
331 4135 430 4177 mann
453 4115 560 4169 nostra
577 4102 687 4164 subter
709 4093 952 4170 adfirmavimus,
974 4111 1048 4152 cum
1077 4082 1251 4170 stipulatio.

152 4231 193 4274 ue
213 4205 367 4272 subnexa.
409 4195 534 4258 Actum.
573 4185 617 4248 Et
642 4176 777 4263 reliqua,
