2734 4990
219 197 294 276 498
494 239 497 246 ·
669 213 860 270 rennuere

220 362 270 426 25.
298 359 416 457 Incipit
440 357 626 438 ingenuitas.
804 353 858 430 44.
885 353 1002 439 Incipit
1013 360 1122 422 notitia
1133 359 1275 435 (demetri-

222 445 274 519 24.
302 443 422 525 Incipit
441 439 587 500 indicias.
886 443 992 500 moni'o
1012 453 1192 516 servornm).

182 535 188 548 ¹
220 524 269 588 25.
298 524 417 607 incipit
439 520 581 582 vindicio
607 521 663 606 qni
686 541 736 582 se·
805 516 857 594 45.
886 522 1005 603 Incipit
1035 526 1162 606 epistole
1188 529 1276 608 quide

303 607 405 689 ipsum
424 602 539 664 vindit.
889 603 1056 664 heredibus
1084 609 1173 667 nlicni
1192 622 1276 670 antu·

220 689 269 754 26.
299 688 417 784 Incipit
436 686 597 748 securitas.
888 686 1000 745 clesine
1018 686 1147 770 delegat.

220 793 271 854 27.
299 769 417 851 Incipit
435 765 578 828 vindicio
592 763 738 849 proprie·
805 762 856 841 46.
887 767 1005 852 Incipit
1020 775 1140 849 notitia,
1154 774 1276 854 qnemio·

305 853 388 915 totis.
888 851 1002 909 minem
1022 853 1056 912 in
1076 873 1164 916 conso
1182 875 1229 914 sno
1242 876 1276 914 re·

220 935 271 1001 28.
298 934 418 1015 Incipit
443 931 589 992 indicins.
665 949 670 958 ·
885 933 1026 1013 pelluvit.

219 1037 270 1099 29.
298 1017 416 1098 Incipit
437 1013 583 1073 indicins.
804 1011 855 1090 47.
882 1017 1001 1096 Incipit
1020 1017 1191 1077 Mandatus.

219 1100 271 1160 30.
298 1099 416 1178 Incipit
436 1100 509 1156 item
527 1092 679 1156 Indicins.
732 1165 736 1174 .
804 1096 855 1171 48.
881 1099 1000 1180 Incipit
1035 1101 1142 1160 charte.
1170 1098 1203 1158 de
1227 1120 1277 1159 sun·

219 1181 269 1240 δι.
297 1181 416 1259 Incipit
433 1179 572 1259 apennis.
887 1181 1180 1262 gninolento,qnem
1191 1180 1277 1240 deno·

219 1264 270 1326 52.
294 1262 420 1345 ¹Incipit
438 1262 512 1320 item
533 1261 694 1341 appennis.
889 1262 1003 1321 tricoln
1020 1266 1144 1346 suscipi.

220 1345 269 1410 33.
298 1344 413 1425 Incipit
423 1341 540 1402 noticia
555 1337 735 1424 ndAppen·
804 1341 856 1423 49.
883 1345 1001 1426 Incipit
1024 1345 1154 1407 indiciue
1166 1345 1200 1405 de
1211 1348 1277 1406 honi-

301 1447 341 1502 no
353 1424 505 1505 firmare.
886 1426 982 1486 cidio.

219 1509 271 1586 34.
299 1507 418 1589 Incipit
434 1504 604 1578 (libellus)
618 1503 713 1566 dotis.
885 1503 1002 1592 Incipit
1016 1511 1131 1570 notitia
1146 1509 1187 1570 od
1198 1531 1276 1592 supu-

302 1590 420 1662 Incipit
439 1587 581 1668 epistola.
768 1617 771 1624 ·
886 1588 972 1672 dictu
994 1590 1124 1652 indicia.

219 1673 269 1740 35.
296 1672 414 1753 Incipit
433 1670 506 1728 item
527 1669 635 1732 cessio.
803 1668 853 1736 50.
880 1673 998 1768 Incipit
1024 1673 1192 1739 mundatus,

220 1758 270 1818 56.
297 1755 416 1836 Incipit
451 1751 605 1833 epistola,
642 1769 735 1831 quem
804 1752 853 1816 51.
881 1757 999 1836 Incipit
1020 1756 1190 1816 mandatus.

297 1851 390 1921 pater
415 1832 566 1894 ct'muer
587 1833 673 1914 fucit
700 1833 733 1891 in
804 1833 853 1906 52,
881 1838 998 1932 Incipit
1019 1839 1147 1899 noticia.
1199 1866 1202 1872 ·

291 1917 380 2005 filio.
583 1935 586 1942 ’
612 1967 620 1990 ,
804 1917 854 1981 53.
883 1921 1001 2000 Inc1pit
1023 1923 1133 1984 cessio.

219 2007 268 2082 57.
298 2002 415 2082 Incipit
425 1999 528 2059 centio
543 1997 583 2056 de
598 1998 732 2062 homine.
805 1999 855 2074 54.
882 2001 1009 2060 Noticiu
1029 2002 1197 2064 divisionis.

218 2087 269 2149 58.
299 2085 421 2166 Incipit
434 2082 596 2146 securitas.
805 2081 857 2145 55.
876 2083 1012 2143 'Noticin
1035 2086 1188 2144 cessionis.

220 2171 271 2248 59.
300 2165 589 2248 Incipitcessiosin
602 2161 736 2233 dotem).
807 2165 857 2230 56.
886 2165 1065 2240 (Formnla
1121 2163 1278 2228 dissolvendi

162 2249 165 2262 '
220 2253 267 2325 40.
302 2249 416 2328 Incipit
433 2247 481 2303 ius
502 2246 682 2305 liberorum.
886 2251 1109 2322 matrimonii),

219 2335 270 2408 [μ.
300 2330 417 2411 Incipit
443 2329 603 2386 securitas.
807 2328 856 2407 57.
884 2331 1000 2412 Incipit
1023 2334 1131 2398 cessio.

218 2414 270 2489 42.
298 2412 415 2491 Incipit
432 2410 564 2488 epistola
579 2429 669 2489 quem
682 2411 737 2470 iro·
808 2412 858 2474 58.
886 2411 1031 2482 (Notitia
1050 2413 1090 2472 de
1109 2415 1186 2475 notis
1201 2432 1278 2474 serco-

302 2495 416 2552 minem
441 2493 599 2572 repotuuit
621 2489 660 2550 de
686 2511 736 2558 res
890 2502 991 2566 rum).

303 2595 385 2637 suus.
680 2593 683 2598 ‘
809 2574 866 2658 59.
887 2573 1280 2647 (Notitindecommodoto).

219 2659 271 2736 43.
299 2655 416 2738 Incipit
427 2655 577 2714 securitas
586 2651 624 2714 de
635 2667 737 2737 rapto.

453 2829 456 2834 '
533 2821 763 2886 Incirrour
804 2825 1002 2886 Drcrsrr.

514 2952 666 3013 Formnle
685 2953 843 3013 sollemnis
864 2952 905 3013 de
926 2952 1010 3020 dote.

303 3067 331 3130 I.
371 3066 431 3128 Hie
457 3067 505 3128 est'
526 3075 753 3127 testamentum
781 3075 895 3146 quarto
929 3089 1067 3148 regnum
1092 3065 1194 3130 domni
1212 3057 1282 3140 nostri
1313 3123 1317 3142 Ι

221 3151 432 3220 Childeberto
454 3151 566 3230 Reges,
589 3149 677 3228 quod
699 3147 778 3208 fecit
803 3149 916 3210 Missus
937 3150 993 3210 ilie
1010 3150 1206 3212 Chestantus.
1225 3145 1282 3208 can

220 3235 312 3295 iuxta
325 3231 590 3294 consuetudinem
605 3230 775 3291 Andieavis
789 3229 929 3310 civitate,
949 3232 1037 3293 curia
1054 3232 1180 3315 puplica
1189 3225 1281 3289 resede-

219 3327 273 3379 ret
283 3317 314 3375 in
330 3316 413 3391 foro,
434 3316 544 3393 ibique
560 3313 610 3376 vir
629 3312 814 3395 magnificus
829 3313 877 3373 illi
900 3324 1087 3396 prosecutor
1111 3313 1200 3375 dixit:
1218 3311 1281 3384 Rogo

219 3410 269 3476 te,
300 3398 351 3458 vir
372 3398 547 3458 laudabilis
570 3395 618 3455 itti
640 3398 816 3472 Defensor,
839 3396 890 3455 illi
917 3401 1054 3458 Curatur
1063 3443 1072 3474 ‚
1096 3396 1144 3456 ilii
1166 3391 1281 3477 Magister

218 3481 368 3556 militnm,
388 3481 439 3540 vei
466 3479 627 3558 reliquum
649 3479 746 3538 Curia
767 3478 912 3560 publice,
939 3480 1051 3561 utique
1073 3478 1182 3540 obticis
1199 3469 1280 3556 pupll·

217 3564 263 3624 cis
291 3573 399 3644 patere
431 3561 582 3638 ioheatis,
603 3560 679 3641 quia
707 3560 809 3621 habeo
837 3561 917 3643 quid
939 3563 1024 3644 apud
1049 3572 1118 3622 acte
1143 3567 1280 3643 prosevere

217 3645 351 3712 debiam.
392 3646 553 3703 Defensor
572 3643 760 3724 principalis
790 3642 885 3704 simul
910 3653 942 3704 et
963 3643 1066 3706 omnis
1089 3643 1182 3705 Curia
1198 3633 1280 3722 paph-

216 3727 442 3788 indixerunt:
472 3723 588 3787 Patent
614 3723 669 3784 tibi
692 3723 810 3786 cotecis
836 3726 959 3809 puplici
972 3751 980 3798 ;
1010 3743 1198 3810 prosequere
1221 3731 1279 3806 qute

215 3819 314 3893 optas.
338 3807 480 3870 Obedire
499 3809 554 3868 illa
575 3828 634 3889 per
659 3808 808 3868 mandato
829 3830 886 3870 suo
913 3811 1029 3892 pagina
1050 3809 1129 3868 mihi
1156 3803 1278 3868 iniunxit.

213 3903 248 3953 ut
276 3901 465 3973 prosecutor
485 3890 636 3952 exsistere
659 3890 799 3965 deberit,
828 3891 966 3973 qualiter
986 3893 1182 3964 mandatum,
1207 3897 1279 3964 quam

212 3974 246 4034 in
269 3975 453 4036 dulcissimo
475 3973 572 4034 iooali
591 3994 662 4033 meo
687 3971 745 4034 illo
760 3971 812 4032 fici
825 3996 883 4056 pro
900 3977 1001 4038 omnis
1022 3969 1202 4036 causationis
1218 3979 1278 4033 snas,

209 4059 326 4117 tamin
349 4079 439 4138 paco,
462 4079 558 4138 quam
586 4065 619 4116 et
639 4053 673 4116 in
695 4055 830 4138 palacio,
851 4077 907 4118 sen
933 4057 967 4117 in
993 4057 1135 4139 qnalibet
1153 4056 1225 4124 loca,
1245 4062 1279 4100 ²⁰·

209 4139 316 4202 cidere
338 4139 435 4201 faciat
452 4139 509 4201 illa
531 4138 701 4225 porciones
727 4159 811 4202 meas
823 4183 833 4218 ,
855 4159 950 4223 qnam
975 4161 1016 4203 ex
1037 4139 1119 4201 alote
1138 4135 1278 4220 parentum
