2734 4990
173 239 245 312 402
621 259 811 318 susumus

172 421 252 485 mus,
279 402 306 464 si
332 402 429 466 vestri
452 401 598 466 homiues
621 414 715 481 sunt,
737 403 832 465 Misso
860 413 965 467 vestro
991 407 1031 468 ad
1056 429 1115 472 uos
1140 409 1294 495 dirigere

172 491 306 563 faciatis,
329 496 361 546 et
380 495 535 566 quantum
554 507 611 548 nos
632 487 812 568 poterimus
828 487 887 548 bac
906 509 1000 550 carisa
1023 491 1205 575 diligenter
1216 517 1295 578 Ρτοὸ

173 592 320 637 curamus
342 579 376 628 ut
398 569 480 650 ipsos
502 569 647 630 homines
672 570 817 651 recipere
845 571 977 636 faciatis.

230 741 234 760 .
325 702 464 763 Donatio
486 698 651 761 adrasum
673 701 735 760 Dei
751 721 811 784 pro
834 703 949 763 Missas
971 701 1124 769 canendo.

253 820 326 884 Vll.
368 816 472 898 Igitur
492 837 551 898 ego
573 817 604 874 in
626 816 687 876 Dei
709 817 838 877 nomine
864 818 921 879 ille
947 818 1194 881 venerabilibus
1222 821 1292 881 fra-

173 908 274 970 tribus
301 904 358 962 illo
384 909 415 959 et
443 898 511 957 illo.
553 897 712 958 Admouet
736 899 815 957 mibi
843 921 932 958 amor
950 902 1080 960 Domini
1103 903 1214 964 nostri
1238 905 1292 964 le-

173 1013 211 1052 su
233 983 351 1048 Christi
385 991 415 1041 et
444 980 639 1040 desiderium
667 981 706 1040 dc
734 981 792 1041 illo
820 983 965 1061 paradiso
997 983 1050 1043 ubi
1084 983 1162 1046 iusti
1192 986 1291 1045 habi-

173 1081 264 1145 tant,
295 1077 330 1126 ut
351 1085 401 1124 me
430 1063 587 1124 Dominus
611 1062 729 1122 ibidem
750 1064 940 1146 participare
966 1065 1137 1146 dignetur,
1164 1090 1231 1128 seu
1260 1079 1291 1128 et

172 1157 270 1217 timor
302 1147 492 1230 gehenuae,
524 1155 559 1205 ut
591 1165 641 1204 mc
671 1146 788 1206 exinde
818 1147 975 1208 Dominus
1002 1147 1127 1229 erigere
1161 1150 1289 1218 iubeat.

172 1238 348 1316 Propterea
366 1229 445 1289 cedo
468 1228 555 1287 vobis
580 1228 619 1287 ad
638 1227 689 1288 die
714 1243 882 1310 praesente
905 1252 975 1290 mea
1000 1231 1213 1315 eleemosyna
1239 1235 1287 1292 fa-

175 1317 296 1379 ciendo
330 1314 346 1370 a
376 1312 526 1392 pauperis
550 1310 603 1370 vel
625 1311 642 1370 a
667 1311 893 1371 Sacerdotibus
925 1312 964 1372 ad
992 1313 1103 1374 Missas
1133 1316 1286 1375 canendo

175 1395 410 1481 dispensando,
432 1413 619 1472 cessumque
643 1391 677 1450 in
700 1402 856 1475 perpetuo
882 1415 949 1455 esse
973 1396 1066 1471 volo,
1095 1401 1194 1458 etde
1219 1399 1286 1458 iure

174 1503 244 1543 meo
269 1482 302 1540 in
329 1478 398 1537 iure
426 1485 458 1536 et
482 1474 699 1536 dominatione
729 1485 832 1537 vestra
854 1477 1033 1536 transcribo
1058 1488 1156 1560 atque
1188 1489 1287 1540 trans·

173 1565 288 1640 fundo,
309 1561 371 1620 hoc
394 1566 458 1632 est,
481 1579 531 1616 res
565 1557 767 1638 proprietatis
796 1579 886 1618 meae
914 1569 977 1617 tam
1005 1561 1038 1618 in
1063 1563 1201 1623 civitate
1233 1563 1286 1622 illa

174 1669 269 1728 quam
287 1653 319 1704 et
337 1644 421 1702 foras
442 1639 474 1698 iu
496 1640 563 1720 ipso
579 1659 659 1720 pago
684 1660 740 1700 seu
763 1641 844 1700 etin
865 1640 953 1700 alios.
975 1642 1100 1704 Habent
1121 1645 1211 1726 ipsas
1228 1653 1287 1704 ter·

172 1752 223 1790 ras
242 1749 315 1788 cum
332 1723 417 1784 omni
444 1722 643 1802 superposito
663 1721 702 1781 de
725 1723 825 1804 longo
840 1731 947 1798 tanto,
966 1724 1115 1786 similiter
1137 1727 1170 1786 in
1204 1729 1284 1786 latus

173 1821 206 1873 et
222 1812 255 1871 in
269 1807 383 1870 frontis
399 1805 563 1885 subiungit
582 1803 620 1864 de
638 1803 789 1866 ambobus
811 1805 936 1865 frontus
950 1815 982 1865 et
1005 1809 1043 1867 de
1067 1811 1226 1870 ambobus
1245 1811 1285 1868 la·

172 1903 223 1956 tus
245 1903 329 1954 terra
351 1888 454 1965 illius,
485 1887 565 1968 ipsas
582 1907 634 1945 res
660 1895 692 1946 et
719 1909 804 1947 casas
823 1888 1031 1968 superpositis
1053 1891 1092 1950 ad
1117 1893 1282 1972 integrum

172 1998 230 2038 seu
248 1985 280 2037 et
295 1971 398 2035 vineis
417 1970 448 2029 in
466 1969 618 2051 oppidum
636 1969 764 2030 civitate
783 1969 871 2030 illius
887 1991 960 2029 curn
976 1981 1059 2030 terra
1076 1973 1282 2055 proprietatis

173 2058 247 2118 mci.
288 2055 390 2115 Habet
417 2053 484 2134 ipsa
507 2053 600 2110 vinea
628 2072 785 2132 arpennes
810 2061 922 2112 tantos.
967 2054 1140 2136 Subiungit
1166 2057 1209 2116 de
1222 2077 1282 2114 em*

173 2141 275 2199 bobus
294 2139 376 2197 latus
399 2145 430 2196 et
452 2133 602 2194 ambobus
618 2134 740 2194 frontes
759 2144 842 2194 terra
856 2134 954 2200 illius.
976 2137 1080 2196 Etiam
1106 2147 1138 2198 et
1155 2138 1191 2196 in
1215 2139 1279 2218 ipso

172 2243 254 2303 pago
280 2220 312 2278 in
341 2240 415 2298 agro
444 2216 501 2275 illo
528 2218 676 2297 portione
702 2239 783 2291 mea,
806 2225 869 2276 tam
896 2219 1000 2294 terris,
1022 2221 1150 2296 mansis,
1175 2220 1264 2279 domi

172 2305 243 2380 bus,
271 2299 441 2375 aedificiis,
466 2298 583 2375 vineis,
605 2299 707 2370 olicis,
730 2298 828 2374 silvie,
861 2300 990 2381 campis,
1012 2302 1120 2383 pratis,
1143 2303 1279 2381 pascuis,

174 2385 279 2466 aquis,
302 2401 520 2464 aquarumque
550 2380 738 2442 decursibus
768 2382 926 2464 quicquid
949 2381 981 2441 in
1008 2385 1075 2465 ipsa
1107 2384 1180 2442 loca
1206 2406 1280 2466 por·

172 2469 218 2529 tio
241 2485 309 2524 mea
341 2473 410 2538 est,
451 2472 552 2521 totum
579 2471 610 2522 et
636 2463 675 2524 ad
700 2463 958 2544 integrum'rem
987 2465 1219 2550 inexquisitam
1251 2476 1280 2526 et

174 2548 269 2610 aliam
296 2568 364 2608 rem
394 2553 681 2627 quantumcunque
710 2545 795 2607 visus
823 2569 892 2606 sum
919 2547 1037 2610 habere
1071 2558 1124 2609 aut
1150 2549 1279 2610 inantea

174 2631 319 2691 laborare
342 2639 487 2711 potuero,
509 2637 572 2688 tam
600 2627 782 2708 peculium,
812 2629 1005 2710 praesidium
1029 2632 1200 2712 utriusque
1232 2653 1279 2712 ge·

175 2713 259 2776 neris
280 2733 385 2786 sexus,
405 2731 529 2784 aurum,
552 2720 730 2792 argentum,
755 2711 906 2789 drapalia,
932 2733 1091 2790 aeramen,
1114 2715 1277 2788 utensilia,

173 2796 290 2855 mobile
317 2804 349 2856 et
370 2792 605 2868 immobilibus,
627 2792 783 2873 quicquid
806 2792 870 2853 dici
895 2804 950 2854 aut
972 2795 1133 2856 nominari
1160 2805 1278 2877 potest,

173 2879 359 2958 ubicunque
387 2876 472 2936 visus
495 2899 565 2936 sum
586 2873 724 2952 habere,
746 2876 949 2936 medietatem
974 2879 1013 2938 ad
1035 2879 1216 2960 integrum,
1238 2878 1280 2936 ita

172 2969 210 3021 ut
239 2960 277 3020 ab
297 2957 455 3020 hodierno
480 2959 532 3018 die
550 2957 705 3029 babeatis,
726 2958 882 3033 teneatis,
904 2953 936 3017 e't
957 2958 989 3019 in
1012 2982 1082 3021 mea
1106 2959 1280 3042 eleemosy-

171 3064 213 3102 na
238 3041 452 3124 dispensando
481 3041 615 3100 liberam
635 3048 667 3098 et
688 3038 898 3100 firmissimam
923 3040 1033 3103 addis
1058 3044 1278 3125 praesentem

172 3125 319 3186 omnibus
342 3122 484 3183 habeatis
506 3129 694 3204 potestatem
723 3123 874 3182 faciendi.
917 3123 952 3182 Si
980 3125 1052 3206 quis
1079 3147 1168 3199 vero,
1193 3125 1278 3204 quod

171 3227 232 3268 nec
261 3207 332 3266 fieri
362 3206 473 3275 cred0,
499 3207 525 3266 si
553 3226 612 3284 ego
637 3203 715 3284 ipse,
739 3214 793 3262 aut
815 3203 931 3285 aliquis
952 3207 990 3268 de
1010 3207 1184 3267 heredibus
1201 3207 1278 3267 meis

171 3292 224 3351 vel
256 3290 341 3350 ullus
370 3288 523 3369 quislibet
550 3287 617 3346 ulla
645 3286 788 3368 opposita
813 3308 949 3370 persona
976 3289 1032 3370 qui
1054 3297 1167 3348 eontra
1195 3287 1276 3348 hanc

171 3372 349 3433 cessionem
380 3372 470 3431 istam
493 3369 605 3430 venire
632 3368 813 3446 conaverit,
846 3379 877 3430 et
902 3369 919 3426 a
951 3393 1001 3431 me
1029 3372 1083 3432 vel
1104 3370 1275 3431 heredibus

172 3453 250 3514 meis
275 3454 476 3513 defensatum
503 3475 569 3511 non
596 3451 707 3528 suerit,
734 3451 908 3512 inferamus
935 3455 1026 3514 vobis
1049 3473 1113 3511 una
1136 3475 1275 3514 cumsc-

172 3536 223 3596 cio
258 3538 333 3595 lisco
366 3535 436 3594 auri
466 3535 577 3596 uncias
604 3542 723 3610 tantas,
756 3545 924 3616 argentum
950 3535 1059 3617 pondo
1090 3543 1181 3596 tanto
1210 3549 1273 3596 esse

172 3617 350 3698 multando,
371 3626 404 3679 et
426 3637 576 3702 praesens
598 3615 698 3677 cessio
719 3614 777 3676 ista
799 3617 887 3678 omni
915 3624 1058 3702 tempore
1082 3615 1174 3682 firma
1201 3639 1273 3700 per·

106 3753 109 3762 .
173 3708 308 3768 maneat.

450 3869 454 3874 ,
521 3815 716 3900 Supplicutio
740 3815 782 3876 ud
802 3816 922 3895 Regem.
971 3891 974 3898 Ι

255 3931 342 3996 Vlll.
363 3979 366 3986 »
384 3929 499 3994 lnclito
527 3941 622 4013 atque
635 3935 636 3942 ’
644 3931 950 4015 praecellentissimo
968 3933 1096 3994 Damno
1123 3931 1183 3992 illo
1205 3932 1273 4014 glo·

173 4016 258 4080 rioso
282 4017 380 4098 Rege,
403 4037 462 4097 ego
487 4015 605 4076 ancilla
627 4025 733 4078 vestra
761 4014 1183 4092 ultimissima,.servissima
1206 4036 1272 4074 om-

175 4097 265 4162 nium
287 4098 478 4160 ancillarum
499 4107 686 4160 vestrarum.
729 4098 918 4180 Cognoscat,
929 4101 1066 4174 Domne,
1087 4096 1189 4179 gratia
1203 4117 1272 4156 ves·

175 4189 230 4256 tra,
243 4179 382 4247 hominis
409 4179 492 4246 vassi
514 4179 614 4245 vestri
635 4201 752 4244 nomen
778 4181 834 4244 ille
856 4181 970 4243 multas
991 4177 1227 4263 inquietudinis
1243 4188 1271 4240 et
