2676 4976
177 299 249 377 mo
626 315 818 372 musicum

175 463 272 548 perit,
301 455 358 523 sed
388 451 429 517 ad
456 451 643 517 memoriam
670 465 832 518 aeternam
862 464 894 518 ct
918 455 1071 520 iustitiam
1099 459 1246 535 reputatur.

176 549 280 630 Igitur
302 565 361 624 ego
390 537 476 600 enim
497 537 531 597 in
552 540 613 600 Dei
640 561 757 601 nomen
781 542 918 602 inluster
936 541 986 618 vir
1008 539 1075 614 ille,
1098 557 1209 596 necnon
1224 545 1248 596 et

177 629 315 710 conguie
337 644 407 685 mea
433 621 569 682 inlustra
588 632 732 682 matrona
755 623 830 700 illa,
863 623 1016 684 convenit
1041 619 1129 680 nobis
1153 618 1247 676 unani-

175 713 273 773 miter
293 705 527 791 pertractantis,
550 712 587 763 ut
609 705 733 786 aliquid
757 705 796 766 de
820 707 916 767 rebus
946 703 1061 766 nostris
1087 703 1119 761 in
1145 702 1249 762 Mones·

176 795 259 856 terio
283 800 412 862 nostro,
440 808 537 867 quem
558 787 771 848 communiter
797 787 1052 862 aedificavimus,
1081 782 1135 865 qui
1159 791 1200 842 est
1224 781 1248 838 in

175 878 299 938 honore
321 868 423 934 sancti
444 869 533 930 illius
561 870 644 930 iufra
668 892 759 931 muro
784 871 963 932 Andecavis
983 875 1190 940 constructus,
1209 861 1249 921 ubi

178 961 235 1020 illa
257 954 418 1018 Abbatissa
440 960 545 1012 custos
568 972 712 1034 praeesse
729 953 867 1028 videtur,
891 953 1061 1015 concidere
1083 947 1250 1010 deberemus.

179 1041 276 1119 Quod
301 1041 318 1098 is
342 1036 394 1096 die
419 1043 585 1114 praesente
607 1034 666 1095 visi
695 1057 803 1096 sumus
831 1037 962 1113 fecisse,
992 1035 1052 1096 hoc
1082 1039 1128 1091 est
1157 1027 1250 1087 locello

177 1126 387 1204 nuncupante
414 1116 491 1193 illo,
519 1115 553 1176 in
590 1139 670 1199 pago
697 1117 775 1196 illo,
808 1139 877 1180 rem
902 1113 1105 1202 proprietatis
1133 1119 1248 1184 nostrae,

180 1227 277 1288 quem
304 1204 344 1263 de
365 1208 498 1280 parente
527 1209 635 1282 nostro
663 1200 848 1262 venerabile
872 1203 941 1261 viro
970 1199 1029 1261 illo
1057 1195 1173 1258 Abbats
1198 1212 1250 1272 pro-

177 1288 248 1372 pria
265 1282 403 1369 pecunia
421 1281 675 1363 conparavimus,
695 1283 747 1346 vel
765 1284 816 1344 die
835 1293 1002 1365 praesente
1025 1288 1131 1340 nostra
1146 1282 1186 1335 est
1199 1293 1250 1354 pos-

179 1371 296 1444 sessio,
324 1366 394 1449 hoc,
416 1372 558 1425 osteum
584 1365 697 1442 terris,
720 1366 884 1442 domibus,
907 1362 1080 1440 aedificiis,
1103 1355 1249 1436 mancipiis,

179 1451 361 1526 accolabus,
386 1444 501 1520 viniis,
523 1446 628 1525 silvis,
649 1447 763 1530 pratis,
786 1449 928 1530 pascuis,
952 1446 1043 1529 aquis
1064 1456 1250 1524 aquarumque

184 1533 392 1606 decursibus,
413 1526 594 1588 movilebus
623 1538 655 1590 et
681 1530 912 1610 immovilebus,
936 1528 1055 1589 iunctis
1077 1535 1109 1586 et
1128 1517 1252 1604 appendi·

180 1617 239 1680 ciis
261 1625 294 1678 et
313 1609 502 1674 adiecentiis
523 1610 556 1669 in
579 1632 611 1672 se
632 1609 777 1674 habentis
803 1615 842 1674 ad
866 1636 898 1676 se
919 1608 1118 1693 pertenentis
1139 1625 1201 1664 cum
1216 1621 1250 1658 su·

203 1698 342 1780 erposito
364 1716 423 1778 pro
448 1692 535 1754 omni
567 1694 681 1754 merito
702 1714 781 1774 suoi,
811 1707 846 1757 nt
867 1695 1006 1758 diximus
1016 1738 1029 1766 ,
1059 1691 1099 1751 ad
1119 1682 1250 1772 praedicta

178 1723 321 1844 basileca
343 1777 395 1839 vel
419 1774 623 1857 congregatio
647 1775 657 1834 i
682 1777 747 1838 sius
775 1779 826 1840 vel
854 1787 1013 1839 rectorem
1038 1775 1105 1856 ipsa
1133 1768 1250 1832 volomus

182 1887 249 1927 esse
270 1861 459 1922 translatum
490 1867 585 1938 atque
617 1799 803 1922 inductum:
835 1861 879 1920 ita
916 1869 951 1920 ut
975 1853 1133 1941 quicquid
1161 1845 1250 1911 exinde

182 1947 221 2007 ab
241 1945 301 2006 hac
325 1943 381 2002 die·
405 1941 475 2002 iure
504 1940 635 2022 proprio
657 1952 752 2024 atque
784 1943 962 2004 firmissimo
994 1931 1191 2021 congregatio
1214 1928 1250 2008 ip·

179 2029 245 2092 sius
266 2023 457 2086 utilitatibus
477 2023 661 2084 monasterii
685 2025 784 2107 ipsius
809 2025 945 2108 elegerit
971 2020 1170 2092 faciendum,
1189 2009 1250 2070 libe·

178 2133 247 2174 ram
278 2108 393 2169 habeat
422 2106 456 2164 in
487 2105 634 2166 omnibus
659 2117 870 2188 potestatem:
900 2106 977 2190 quia
1003 2104 1160 2165 malumus
1179 2105 1251 2156 test·

180 2200 363 2256 orosanctae
392 2189 545 2250 ecclesiae
567 2187 600 2246 in
622 2187 746 2251 honore
768 2189 868 2250 sancti
895 2190 984 2250 illius
1006 2186 1186 2280 inidipsum
1204 2201 1251 2238 mo

179 2273 318 2336 nasterio
341 2271 533 2346 aedificatae,
547 2292 644 2352 quam
664 2271 799 2353 reliquis
821 2273 994 2334 heredibus
1017 2277 1142 2331 nostris.
1178 2259 1251 2338 Quod

179 2357 206 2418 si
228 2355 327 2414 fuerit
347 2353 465 2433 aliquis
479 2353 518 2412 de
539 2351 713 2418 heredibus
736 2356 862 2432 nostris,
884 2355 940 2436 qui
963 2361 1077 2415 contra
1098 2350 1176 2408 hanc
1193 2344 1251 2424 epis·

178 2438 278 2499 tolam
300 2435 469 2511 cessionis,
499 2453 595 2513 quam
622 2435 706 2496 bona
732 2437 896 2498 voluntate
924 2458 982 2518 pro
1009 2431 1127 2494 uostris
1152 2429 1252 2508 expian-

179 2520 228 2581 dis
251 2516 388 2597 peccatis
410 2515 614 2592 devovimus,
643 2517 754 2580 venire
776 2529 831 2578 aut
858 2519 1039 2580 contrarius
1063 2515 1115 2576 vel
1139 2509 1253 2592 pulsator

180 2599 348 2674 exstiterit,
368 2597 456 2679 prius
477 2597 495 2655 is
516 2600 740 2662 communione
761 2601 924 2664 Ecclesiae
949 2598 1127 2662 catholicae
1148 2593 1184 2653 sit
1198 2588 1252 2672 pnl-

179 2691 285 2756 satns,
316 2691 348 2740 et
370 2688 518 2740 aeternae
545 2682 740 2742 damnationi
768 2683 950 2756 subiectns;
988 2692 1020 2742 et
1051 2681 1178 2757 insuper
1203 2667 1253 2730 auri

178 2765 275 2826 libras
296 2771 408 2839 tantas,
431 2772 562 2843 argento
583 2765 709 2845 pondus
730 2765 769 2825 X.
799 2767 939 2828 sociante
965 2765 1068 2838 fisco,
1099 2759 1183 2820 cuius
1200 2750 1254 2835 pol-

177 2845 314 2922 saverit,
351 2855 541 2926 componat:
574 2845 678 2906 nihilo
706 2847 812 2908 minus
844 2849 978 2930 epistola
1009 2857 1108 2926 atque
1139 2831 1254 2901 definilifl

178 2937 288 2992 nostra
309 2927 396 2987 omni
420 2935 562 3010 tempore
584 2928 673 2990 firma
692 2939 728 2991 et
750 2930 870 2993 stabilis
891 2931 1057 3014 perduret.

188 3133 190 3138 Ι
227 3059 346 3142 Incipit
365 3059 490 3130 notitia,
512 3078 603 3140 quem
629 3061 784 3120 bominem
806 3063 840 3120 in
862 3083 1034 3122 caucasus
1058 3054 1222 3143 repellooit.

260 3171 376 3238 XLVI.
416 3173 535 3234 Notitia
564 3174 702 3254 qualiter
721 3175 856 3238 veniens
876 3177 925 3237 illi
951 3175 1134 3239 Andecavis
1156 3169 1257 3231 civitate

178 3267 251 3317 ante
269 3254 452 3316 venerabile
470 3255 523 3320 vir
535 3255 592 3316 illo
608 3256 722 3318 Abbati
737 3258 790 3318 vel
802 3259 936 3339 reliquis
951 3280 1048 3340 quam
1064 3258 1169 3340 plures
1185 3246 1256 3310 bonis

176 3337 373 3412 hominibus,
396 3336 541 3416 quicum
561 3337 629 3418 ipso
648 3339 790 3416 aderunt,
808 3341 900 3400 cuius
918 3342 1049 3401 nomina
1070 3341 1121 3402 vel
1135 3329 1256 3412 scriptio·

180 3442 238 3481 nes
260 3429 354 3500 atque
377 3418 578 3498 signaculum
600 3420 709 3480 subter
732 3430 886 3482 tenentur
910 3422 1040 3501 inserta,
1063 3408 1257 3502 interpellavit

180 3501 307 3584 aliquus
327 3500 473 3560 homines
496 3500 546 3559 his
569 3502 752 3563 nominibus
772 3504 848 3564 illus
870 3513 902 3563 et
931 3505 1026 3581 illus,
1050 3507 1127 3566 dum
1156 3492 1257 3572 dicerit,

182 3583 272 3664 quasi
289 3583 381 3644 vinia
399 3603 454 3642 sua
478 3581 510 3640 iu
534 3583 606 3654 loeo
628 3595 833 3664 nuncupante
856 3585 931 3662 illo,
952 3589 1037 3647 malo
1065 3585 1175 3648 ordine
1199 3593 1257 3660 per·

181 3664 321 3728 vasisseta
343 3664 420 3743 qnia
442 3662 507 3742 ipse
530 3663 579 3724 illi
599 3675 630 3725 et
648 3666 697 3724 illi
714 3667 820 3727 taliter
839 3667 871 3726 in
898 3690 1052 3750 responso
1074 3657 1258 3746 (dederunt),

179 3747 270 3828 quod
298 3744 420 3805 auctori
450 3745 611 3806 habebant
635 3748 778 3830 legitimo
807 3770 923 3810 nomen
952 3753 1010 3810 illo
1034 3749 1171 3821 maiore,
1201 3734 1258 3822 quia

184 3829 253 3911 ipsa
279 3826 367 3888 vinia
391 3825 431 3886 ad
457 3849 510 3886 eos
532 3828 672 3893 dedissit.
714 3831 767 3892 Sic
800 3830 838 3889 ab
865 3831 941 3912 ipsis
962 3834 1039 3894 viris
1069 3832 1119 3892 illi
1142 3819 1258 3888 fuitde·

182 3909 384 3984 nuntiatum,
410 3917 442 3967 ut
467 3908 518 3968 die
543 3909 600 3968 illo
625 3911 802 3972 Andecavis
823 3914 954 3974 civitate
983 3916 1051 3996 ipso
1077 3915 1135 3975 illo
1157 3911 1187 3969 in
1206 3900 1258 3962 lu·

183 3991 298 4054 tericio
318 3998 522 4073 praesentare
544 3991 684 4052 deberit:
713 4016 745 4056 se
771 3993 833 4055 boc
865 4017 928 4055 non
957 3997 1114 4074 faciebat,
1142 4013 1208 4055 cnm
1227 3981 1259 4039 le·

182 4073 231 4158 gis
251 4071 409 4140 beneficio
429 4071 498 4158 ipso
517 4071 576 4135 illo
589 4073 629 4136 de
641 4073 708 4160 ipsa
729 4076 818 4142 vinia
831 4077 984 4142 revestire
1001 4079 1141 4143 deberet.
1157 4075 1259 4138 Actum·
