2734 4990
178 279 253 356 478
631 298 818 352 souuerse

221 441 284 524 Qui
309 437 536 498 Mouasteriam
558 436 590 494 iu
612 438 744 600 proprio
767 435 925 520 aedificat,
947 436 1082 520 qualiter
1102 437 1256 496 chartam

693 533 784 578 aciat.

261 650 428 714 XXXVII.
469 649 610 732 Antiqua
632 653 754 733 Legum
775 652 945 713 auctoritas
965 661 998 712 et
1018 651 1214 732 Principum
1238 649 1306 707 ‹le-

179 744 267 800 creta
299 742 476 796 sanxerunt
504 744 540 794 ut
569 736 808 814 unnsquisque,
835 735 912 796 dum
941 745 1046 794 manet
1072 734 1104 794 in
1139 751 1307 814 corpore,

177 821 217 882 de
247 819 375 900 propria
403 837 498 896 quam
522 817 662 897 possidet
683 817 832 876 facultate
857 818 1056 878 voluntatem
1075 837 1166 876 suam
1186 813 1308 873 literis

177 903 307 975 inserat,
330 907 366 958 nt
385 897 537 979 perennis
558 899 750 978 temporibus
779 898 930 958 inviolata
958 907 1154 980 permaneat.
1202 894 1310 972 Qua-

176 993 307 1068 propter
333 981 409 1040 dum
432 1001 495 1039 non
524 979 657 1039 habetur
678 980 877 1061 incognitum
900 981 1039 1062 qualiter
1055 1003 1113 1062 ego
1141 979 1204 1039 ille
1233 995 1309 1036 una

177 1087 251 1128 cum
269 1084 427 1124 consensu
442 1062 618 1122 Galliarum
638 1063 830 1122 Pontificum
851 1061 884 1122 iu
906 1085 1025 1123 remea
1043 1061 1188 1144 propria,
1205 1077 1305 1141 quae

176 1169 217 1208 ex
247 1145 448 1206 successione
472 1154 641 1225 pareutum
673 1167 815 1204 meorum
839 1144 919 1203 milii
945 1146 1097 1220 obvenit,
1126 1143 1308 1204 Monaste-

175 1230 268 1289 rium
289 1229 323 1288 in
350 1227 473 1288 honore
494 1227 603 1288 Sancti
627 1227 715 1286 illius
741 1228 905 1288 aedificavi
928 1228 960 1286 in
979 1228 1051 1286 loco
1072 1231 1304 1304 nuncupante

177 1312 247 1388 illo,
270 1311 303 1370 in
333 1330 413 1390 pago
441 1309 516 1386 illo,
541 1309 572 1368 in
610 1309 672 1370 fine
704 1310 783 1384 illa,
812 1319 844 1370 et
864 1310 1087 1370 constituimus
1112 1307 1159 1366 ibi
1184 1303 1305 1366 Abba·

176 1405 241 1454 tem
258 1393 389 1452 nomine
412 1390 514 1465 illum,
537 1391 592 1472 qui
616 1391 733 1450 ibidem
755 1401 899 1452 sunctum
914 1392 1083 1466 Ordinem,
1104 1392 1178 1449 Deo
1202 1387 1303 1448 niaxi-

177 1476 290 1551 liante,
315 1473 494 1555 gubernare
520 1473 615 1532 faciat
640 1482 670 1533 et
692 1474 757 1534 suis
783 1473 947 1534 Monacbis
970 1473 1014 1532 ibi
1039 1473 1245 1546 constituat,
1271 1477 1304 1528 st

176 1579 235 1654 per
260 1577 329 1616 eius
355 1553 590 1614 ordinationem
617 1553 683 1637 ipse
711 1564 840 1616 sanetus
871 1557 960 1616 Ordo
987 1552 1231 1638 perpetualiter
1260 1550 1303 1610 sit

176 1638 340 1699 institutus
363 1649 397 1697 et
417 1646 632 1697 conservatus.
664 1637 856 1718 ,Propterea
884 1637 1040 1698 donamus
1070 1646 1103 1696 et
1131 1635 1302 1695 donatum

176 1721 210 1781 in
242 1728 434 1802 perpetuum
466 1739 532 1777 esse
559 1720 706 1778 volumus
734 1719 773 1778 ad
801 1719 862 1780 iam
894 1721 1058 1778 nominato
1085 1716 1302 1777 ltlonasterio

177 1802 287 1865 Sancti
311 1801 399 1861 illius
423 1799 474 1859 sel
499 1799 538 1858 ad
567 1800 688 1860 Abbate
712 1800 769 1859 illo
791 1800 894 1880 ipsum
918 1802 1025 1862 locum
1045 1796 1099 1859 nbi
1122 1799 1196 1882 ipse
1230 1799 1302 1858 Mo·

179 1885 335 1946 misterius
361 1891 408 1944 est
433 1891 658 1958 constructus,
686 1877 759 1942 curn
780 1884 928 1946 omuibus
953 1879 1138 1944 adiacentiis
1168 1891 1206 1942 et
1239 1901 1285 1961 ap

175 1964 413 2050 pendiciissuis
437 1972 470 2023 et
495 1964 610 2024 locella
633 1985 689 2025 seu
708 1967 862 2026 colonicis
880 1968 912 2025 in
938 1965 1030 2027 villas
1057 1967 1127 2024 illas
1153 1965 1185 2023 in
1210 1984 1300 2044 pago

176 2050 247 2114 illo.
291 2050 352 2107 lsta
380 2044 487 2107 omnia
509 2067 590 2126 quae
621 2049 767 2125 superius
790 2047 1051 2122 memoravimus,
1081 2068 1155 2106 eum
1178 2044 1300 2106 omni·

174 2132 234 2191 hus
258 2129 447 2189 adiacentiis
472 2129 522 2188 vel
545 2131 742 2210 appendiciis
764 2150 895 2206 eorum,
917 2139 1213 2208 (quantumcunque
1239 2125 1300 2184 ibi-

174 2214 247 2272 dem
269 2221 379 2271 teuere
402 2209 453 2270 vel
478 2211 640 2290 possidere
653 2211 801 2270 videmur
814 2234 871 2291 per
888 2211 1035 2294 quolibet
1056 2211 1229 2286 adtractu,
1253 2217 1299 2267 to·

173 2302 241 2352 tum
264 2301 296 2352 et
315 2291 354 2349 ad
370 2292 531 2371 integrum
558 2314 631 2351 cum
651 2295 736 2352 omui
763 2293 960 2376 supraposito
983 2294 1021 2353 ad
1044 2293 1095 2352 die
1119 2291 1298 2372 praesenti

174 2374 208 2434 in
224 2374 346 2434 honore
361 2374 467 2432 Sancti
490 2375 575 2434 illins
596 2396 651 2452 pro
668 2375 845 2436 remedium
863 2376 987 2436 animae
1008 2396 1095 2434 meae
1111 2373 1165 2432 vel
1186 2380 1300 2432 aeter-

175 2479 217 2515 na
242 2456 345 2516 salute
367 2455 524 2531 dedimus,
546 2477 620 2515 cum
644 2455 801 2532 domibus,
824 2455 995 2532 aedificiis,
1018 2456 1213 2538 mancipiis,
1242 2477 1300 2514 ae-

176 2538 326 2610 colabus,
356 2535 490 2611 libertis,
513 2537 634 2613 vineis,
657 2538 762 2616 silvis,
786 2540 922 2620 campis,
946 2540 1057 2620 pratis,
1082 2538 1238 2619 pascuis,
1264 2559 1299 2594 a·

175 2619 259 2700 quis,
282 2639 500 2699 aquarumque
522 2619 730 2696 decursibus,
758 2631 934 2681 strumenta
957 2621 1158 2696 clasitarum,
1182 2619 1299 2692 libris,
1365 2673 1366 2676 ,

176 2702 229 2760 vel
251 2701 458 2776 vestimenta,
491 2721 548 2760 seu
571 2703 747 2763 Ministeria
769 2704 952 2777 Ecclesiae,
974 2704 1146 2762 mobilibus
1172 2710 1208 2761 et
1242 2703 1302 2760 im-

176 2782 360 2858 mobilibus,
383 2803 510 2842 omnem
531 2805 600 2843 rem
623 2784 859 2864 inexquisitam,
881 2785 1039 2866 quicquid
1066 2785 1130 2844 diei
1155 2793 1216 2842 ant
1244 2804 1303 2842 no-

176 2864 294 2924 minari
320 2871 438 2946 potest,
462 2873 565 2924 totum
597 2873 629 2924 et
652 2866 691 2923 ad
711 2867 869 2946 integrum
896 2867 935 2926 ad
965 2867 1184 2946 suprascripto
1223 2868 1303 2925 Mo·

175 2946 315 3008 nasterio
344 2946 394 3006 vei
424 2945 486 3004 iam
520 2947 605 3006 dicto
631 2946 745 3006 Abbati
773 2969 845 3006 cum
879 2948 1046 3008 Monacbis
1074 2949 1138 3008 suis
1176 2968 1302 3030 perpe·

174 3030 326 3105 mediter,
349 3037 537 3109 protegente
558 3029 708 3103 Domino,
731 3029 882 3089 tradimus
911 3030 951 3088 ad
973 3028 1221 3109 possidendum.
1259 3032 1303 3089 Et

175 3113 252 3173 dum
268 3131 376 3170 omnes
403 3110 572 3170 Pracsules
596 3119 627 3172 et
646 3110 767 3170 nobiles
788 3132 942 3190 personae
958 3117 1136 3192 agnoscunt
1151 3118 1187 3170 et
1200 3131 1300 3172 com·

174 3192 427 3276 provincialibus
456 3191 572 3252 nostris
597 3190 760 3270 cognitum
787 3200 835 3252 est
863 3194 952 3274 quod
981 3214 1039 3274 ego
1068 3193 1124 3251 ille
1148 3191 1184 3250 in
1226 3211 1302 3252 mea

174 3297 210 3336 re
237 3275 366 3358 propria
392 3274 453 3333 iam
475 3273 675 3332 nominatum
698 3273 926 3333 Monasterinm
946 3273 1110 3334 aedificavi
1133 3274 1189 3335 vel
1224 3293 1303 3336 coe·

175 3358 308 3418 uobiolo
335 3366 444 3416 sancto
475 3356 519 3414 ibi
549 3354 700 3416 constitui
726 3363 858 3434 propter
887 3359 1016 3432 Deum,
1051 3355 1102 3414 rel
1127 3352 1301 3438 quicquid

176 3439 294 3502 exinde
330 3439 436 3496 facere
468 3437 562 3511 volo,
592 3436 751 3518 praesenti
786 3443 928 3518 tempore
957 3440 990 3497 in
1029 3436 1182 3498 omnibus
1212 3435 1302 3497 milri

175 3528 304 3582 maneat
341 3517 443 3576 libera
480 3527 646 3598 potestas,
677 3526 847 3597 propterea
871 3540 930 3597 per
956 3528 1162 3598 praesentem
1197 3519 1301 3600 pagi-

177 3625 251 3663 nam
275 3621 347 3658 cum
376 3619 533 3658 consensu
556 3620 651 3680 supra
673 3607 919 3660 memoratorum
941 3600 1136 3659 Pontificum
1165 3598 1301 3662 consti-

177 3695 234 3744 tuo
263 3691 298 3740 ut
323 3680 430 3738 nullus
453 3680 740 3760 =Episcopusalius
764 3681 921 3757 civitatis,
951 3692 1006 3741 aut
1028 3681 1302 3741 Archidiaconus

179 3766 231 3827 vel
256 3762 393 3842 quilibet
410 3782 449 3820 ex
474 3761 571 3836 clero,
596 3769 649 3819 aut
672 3769 793 3821 actores
813 3763 988 3838 Ecclesiae,
1010 3762 1138 3820 nullum
1167 3764 1302 3824 ibidem

177 3854 381 3931 praesumant
405 3863 554 3902 exercere
584 3836 791 3917 dominatum,
815 3863 879 3902 non
904 3845 944 3904 ad
966 3845 1218 3905 mansionaticos
1244 3857 1302 3906 aut

177 3939 318 4010 rep-astos
342 3925 512 4005 exigendo,
535 3945 599 3984 non
628 3925 668 3984 ad
688 3924 863 3983 ministeria
887 3925 1122 4001 describendo,
1154 3948 1226 3986 non
1260 3927 1302 3987 ad

178 4011 332 4073 Alibatem
349 4007 514 4067 mittendo.
548 4008 630 4067 Cum
651 4026 727 4066 vero
745 4027 872 4065 necesse
891 4008 990 4066 fuerit
1011 4006 1150 4067 chrisma
1165 4017 1303 4089 petere,

178 4094 302 4152 tabulas
331 4101 385 4150 aut
417 4088 529 4148 altaria
556 4107 764 4162 consecrare,
794 4087 889 4147 saeris
916 4088 1084 4148 ordinibus
1116 4085 1301 4164 benedicis
1363 4149 1364 4160 i

178 4177 282 4238 Abbas
307 4175 360 4236 sel
389 4171 539 4234 Monaesi
570 4170 690 4232 ibidem
719 4169 947 4248 consistentes,
976 4170 993 4230 i
1023 4189 1231 4254 quocunque
1260 4175 1302 4236 de
1363 4165 1364 4206 ⁴
