2676 4976
484 303 679 358 insinuas
1072 285 1144 360 533

57 452 107 503 ten
119 439 288 504 serviliter
302 463 335 504 se
350 442 567 524 obtemperare
581 441 697 505 debere
719 439 878 509 noverint.
920 443 1010 522 Quae
1025 446 1145 508 cousti-

56 525 121 584 tutio
140 531 178 583 ut
193 545 254 604 per
269 526 510 606 generationum
521 524 735 586 successiones
752 523 873 584 illibata
885 527 1056 606 perduret,
1072 551 1146 610 pro-

55 609 113 688 pria
132 627 234 680 manu
260 627 329 666 eam
354 607 569 681 communire,
598 616 630 668 et
648 606 735 666 anuli
759 608 858 666 nostri
876 607 1082 690 impressione
1108 611 1144 670 li·

56 690 116 750 buit
129 689 292 748 roborare.
333 687 448 748 Actum
467 688 500 746 iu
519 690 663 748 Castrum
685 687 766 748 TRl.

127 771 171 834 X.
195 771 231 834 K.
254 792 293 830 ex
316 771 377 830 Dei
399 771 624 831 constitutione
650 780 681 830 et
704 769 907 852 antiquorum
923 770 1045 853 Regum
1066 795 1143 854 pru·

57 853 213 939 pagatione
225 855 293 912 Rex
311 851 531 915 Alamanniae.
574 852 662 914 Scire
679 851 753 914 volo
772 873 880 913 omnes
902 853 935 912 in
954 854 1064 934 Regno
1084 877 1144 916 no·

58 949 114 999 stro
139 935 307 1015 degentes,
329 936 405 1014 quia
426 935 549 994 cunetis
571 935 654 996 iuste
683 944 715 996 et
740 934 792 1016 pie
813 935 923 995 vivere
940 937 1143 1016 cupientibus
1182 980 1185 992 .

57 1031 213 1102 paternum
229 1016 373 1075 affectum
397 1017 550 1077 exhibere
574 1017 736 1093 desidero,
759 1015 929 1084 etidcirco
956 1018 1083 1077 cuidam
1106 1023 1143 1086 N.

59 1102 164 1161 vasallo
181 1099 282 1158 tidelis
300 1098 399 1158 nostri
413 1100 451 1164 N.
473 1098 682 1180 petitionibus
700 1109 877 1159 annuentes
894 1099 1098 1161 concedimus
1113 1104 1144 1162 ei

58 1207 86 1243 sn
106 1180 332 1264 proprietatem
357 1182 528 1261 quemdam
555 1182 662 1240 locum
690 1181 812 1275 proprii
843 1181 921 1240 iuris
955 1182 1073 1260 nostri,
1104 1185 1143 1244 ad

57 1287 137 1346 quem
151 1263 318 1344 pertinent
340 1264 447 1323 Hebae
467 1283 620 1340 numero,
643 1285 718 1343 qma
738 1263 804 1340 ipsa
822 1262 977 1344 possessio
992 1273 1143 1343 paternae

55 1347 139 1430 ipsius
160 1343 351 1405 haereditati
372 1347 520 1426 contigua
543 1353 598 1408 est.
639 1347 680 1406 Et
700 1354 736 1402 ut
752 1344 830 1404 haec
848 1345 1032 1405 constitutio
1055 1347 1144 1408 firma

53 1438 249 1510 permaneat,
270 1427 392 1508 placuit
410 1429 500 1488 nobis
518 1426 579 1486 hoc
598 1427 811 1507 conscriptum
830 1433 954 1486 nostrae
974 1427 1145 1488 authorita-

54 1513 84 1571 tis
101 1511 131 1570 ei
144 1512 272 1584 facere,
295 1517 330 1568 ut
342 1530 398 1590 per
419 1509 660 1591 generationum
678 1507 892 1568 successiones
913 1509 979 1590 ipse
996 1503 1146 1590 et‘poste·

52 1596 115 1654 ritas
140 1593 211 1652 eius
232 1591 355 1650 easdem
383 1613 433 1651 res
457 1592 546 1673 qnasi
568 1590 773 1650 haereditarii
795 1591 864 1649 iure
890 1591 1089 1672 possideant,
1112 1604 1144 1653 ct

53 1675 152 1735 nullus
182 1673 400 1752 Ministerialis
425 1685 456 1734 et
477 1665 669 1734 Procurator
694 1672 753 1733 Rei
780 1671 927 1754 publicae
956 1671 1060 1732 eidem
1082 1674 1144 1733 ho-

51 1758 119 1817 mini
145 1757 186 1815 de
212 1754 286 1834 ipsis
309 1754 403 1814 rebus
432 1755 571 1836 aliquam
595 1756 770 1816 molestiam
817 1775 852 1814 er
878 1755 1143 1835 qualemcumque

51 1838 313 1899 machinationem
342 1837 457 1898 audeat
479 1839 618 1916 inferre,
648 1859 687 1896 ne
714 1777 851 1918 populus
873 1847 980 1896 noster
998 1858 1055 1918 per
1075 1860 1142 1896 rna-

50 1923 206 2002 lignorum
225 1918 392 1978 bominum
412 1920 538 1981 occulta
555 1929 587 1980 et
613 1919 703 1980 nobis
722 1919 884 2000 incognita
901 1919 1065 1978 molimina
1091 1920 1143 1977 ab·

51 2003 241 2063 horrescata
263 1997 364 2065 nobis.
404 2003 467 2063 Pro
485 2024 547 2084 qua
570 2001 765 2082 supradicta
784 2001 998 2084 possessione,
1020 2000 1142 2083 accepi·

51 2108 111 2146 mus
134 2085 174 2144 ab
191 2083 303 2143 eodem
322 2083 448 2144 bomine
462 2085 497 2143 ¹in
514 2085 586 2144 loco
600 2083 656 2164 qui
674 2083 791 2144 dicitur
806 2083 861 2142 ille
883 2093 915 2142 et
930 2083 1003 2159 ille,
1025 2083 1081 2164 qui
1096 2091 1143 2144 est

51 2169 132 2227 iuxta
155 2165 262 2227 villam
281 2166 409 2244 Regiam
424 2187 505 2246 quae
528 2165 648 2226 dicitur
665 2166 702 2230 N.
718 2165 820 2224 Hobas
840 2164 876 2230 N.
893 2175 928 2225 ut
946 2166 1054 2226 eadem
1068 2188 1142 2247 pos-

53 2251 140 2310 sessio
158 2247 235 2308 solis
254 2247 393 2326 Regibus
416 2247 630 2320 haereditario
656 2247 726 2306 iure
749 2247 891 2306 subiecta
913 2247 952 2308 sit
977 2248 1009 2306 in
1030 2268 1143 2331 perpe-

52 2341 155 2407 tuum,
178 2339 209 2388 et
227 2328 336 2388 nullus
353 2331 392 2390 de
413 2329 601 2412 pagensibus
621 2329 665 2389 ibi
685 2327 808 2408 aliquid
825 2350 991 2391 commune
1010 2330 1140 2407 habeat,

52 2414 104 2474 nisi
122 2415 206 2472 forte
227 2411 377 2492 precatio.
420 2415 463 2472 Et
484 2433 524 2470 ne
546 2410 684 2474 fortassis
705 2411 809 2471 eidem
829 2412 952 2473 homini
971 2415 1067 2473 timor
1086 2411 1142 2470 ali-

53 2497 115 2577 quis
139 2503 171 2554 et
194 2493 334 2575 suspicio
352 2499 465 2554 'rerum
491 2515 619 2554 suarum
643 2493 800 2574 perdendi
822 2505 999 2571 remaneat,
1020 2495 1143 2576 placuit

53 2576 240 2656 nobislaanc
267 2577 535 2658 conscriptionem
556 2597 615 2656 per
639 2597 695 2637 nos
724 2575 889 2654 roborare,
918 2587 950 2636 et
968 2577 1057 2636 bulla
1079 2599 1140 2636 no-

54 2670 107 2721 stra
128 2657 268 2739 sigillare
290 2657 415 2738 debere.
456 2659 571 2718 Actum
601 2657 633 2715 in
660 2658 822 2718 Rotuvilla
843 2669 932 2720 curte
956 2659 1066 2742 Regali
1094 2659 1142 2718 Si-

55 2765 124 2800 num
139 2743 179 2804 K.
201 2739 446 2800 clementissimi
469 2741 505 2800 R.
529 2740 598 2799 data
621 2739 672 2800 die
699 2741 763 2800 illa.
804 2743 872 2824 Ego
889 2742 996 2823 itaque
1014 2742 1141 2823 signum

54 2825 89 2883 ad
107 2825 206 2884 vicem
221 2823 261 2882 V.
278 2821 534 2902 Archicapellani
554 2823 735 2903 recognovi.

129 2905 184 2966 Xl.
206 2905 351 2964 Summae
369 2904 560 2981 sanctitutis,
577 2903 872 2985 scientiae,pietatis
889 2913 921 2963 et
936 2904 1056 2966 ordinis
1070 2907 1142 2966 cul·

55 2987 316 3068 minelsublimato
333 2986 471 3045 Domino
494 2987 528 3044 T.
548 2985 710 3068 dignitatis
727 2986 943 3065 Episcopalis,
966 2987 1093 3048 infimus
1104 2989 1142 3049 N.

53 3073 157 3130 Pastor
183 3069 347 3128 Ecclesiae
373 3069 409 3128 C.
437 3067 545 3128 salutis
568 3077 600 3129 et
623 3066 840 3149 prosperitatis
866 3076 1088 3147 augmentum,
1111 3081 1144 3130 et

55 3155 173 3210 futurae
192 3151 276 3230 vitae
297 3150 447 3231 gaudium
467 3149 704 3230 sempiternum.
747 3149 808 3208 lste
829 3147 1018 3210 iuvenculus
1042 3159 1144 3210 secta·
1201 3151 1202 3158 '

55 3244 104 3292 tor
120 3233 190 3292 fidei
211 3236 255 3296 Π.
272 3253 303 3295 α.
322 3233 354 3292 id
375 3243 422 3292 est
445 3235 607 3292 confessor
629 3230 827 3311 aequalitatis
851 3241 882 3289 et
909 3234 1143 3295 coaeternitatis

57 3318 96 3375 Π.
110 3325 137 3373 et
159 3317 191 3378 T.
209 3337 235 3379 a.
253 3315 382 3374 nomine
399 3337 426 3372 a.
446 3315 487 3374 M.
512 3315 600 3374 CCC.
620 3313 722 3373 LXll.
748 3314 798 3371 Er
818 3312 918 3372 multo
939 3314 1000 3372 iam
1016 3337 1144 3396 praece-

59 3398 145 3456 deute
169 3397 309 3476 tempore
334 3396 707 3476 pusillitatem·nostram
733 3395 913 3474 inquietare
934 3417 998 3454 nou
1028 3406 1145 3476 cessat,

59 3489 92 3536 ut
108 3479 142 3538 ad
158 3475 274 3538 vestrae
292 3479 516 3537 dominationis
532 3476 736 3538 dulcedinem
756 3499 828 3536 eum
841 3476 977 3560 dirigere
994 3479 1144 3558 debeam,

59 3571 201 3639 quatenus
222 3561 307 3642 apud
326 3571 461 3620 vestram
483 3559 669 3640 sapientiam
696 3559 817 3639 aliquid
840 3580 856 3618 e
876 3561 984 3620 multis
1004 3563 1146 3624 ediscere

59 3643 162 3721 possit,
184 3664 247 3722 quo
266 3642 305 3700 ad
323 3642 533 3702 ministerium
544 3644 596 3700 cui
617 3642 785 3721 deputatus
802 3651 848 3702 est
863 3645 1146 3723 quantulumcum-

62 3746 117 3802 que
137 3725 324 3806 proficiens,
345 3726 442 3784 vitam
466 3747 552 3784 suam
583 3725 615 3782 in
643 3725 765 3784 Ordine
790 3725 984 3785 sacerdotali
1006 3749 1063 3787 seu
1088 3731 1146 3788 Le·

62 3806 148 3865 vitico
167 3807 339 3885 transigere
360 3827 589 3887 usquequaque
611 3825 674 3864 non
691 3806 804 3866 existat
823 3807 983 3888 indignus.
1026 3809 1145 3890 Opinio

63 3887 169 3968 quippe
188 3890 440 3949 omnimodarum
463 3889 617 3950 virtutum
639 3887 672 3954 in
693 3889 783 3949 vobis
804 3889 1036 3966 redolentium,
1059 3912 1146 3950 more

63 3969 264 4032 redolentium
279 3981 450 4031 aromatum
472 3981 503 4030 et
522 3969 834 4050 flagrantissimorum
854 3971 897 4028 ita
915 3971 1058 4030 omnium
1075 3973 1146 4031 ani-

63 4069 122 4110 mos
145 4053 300 4114 oblectare
326 4053 520 4130 dinoscitur,
541 4063 576 4112 ut
604 4073 663 4110 nec
689 4051 825 4133 proximi
851 4052 891 4110 ob
918 4053 1068 4113 desiderii
1094 4055 1146 4112 ni-

63 4131 211 4195 mietatem
231 4158 267 4197 ea
287 4135 410 4212 satiari,
433 4157 494 4194 nec
515 4133 686 4214 longinqui
711 4143 841 4214 propter
862 4133 967 4194 odoris
992 4135 1148 4218 magnitu-

66 4211 161 4276 dinem
179 4240 213 4280 ea
241 4217 364 4302 possint
387 4216 517 4302 privari.
558 4219 759 4300 Quapropter
788 4223 820 4276 et
846 4237 905 4299 ego
933 4214 1028 4279 huius
1054 4219 1147 4303 pueri
