2694 4988
580 321 756 379 cornons
1163 305 1238 377 ttt

107 457 192 518 tiam
211 455 255 518 in
278 457 444 521 mansione
464 460 634 525 Arimanni
653 459 688 526 se
709 460 852 546 applicet
871 465 914 538 a),
935 469 991 522 aut
1001 460 1165 604 placitum
1185 474 1239 527 te»

109 549 217 618 neat,
249 542 465 624 autaliquem
486 543 674 608 violentiam
695 545 802 606 faciat.
843 544 980 604 sivero
1024 547 1237 628 epraediotis

110 622 272 706 personis
299 623 436 706 puhlicis
463 625 583 710 aliquis
612 628 676 691 hoe
696 628 824 688 irritum
845 626 979 704 fecerit,
998 623 1139 689 honore
1161 650 1237 712 pros

114 705 194 788 prio
217 705 289 769 sive
310 706 485 769 ministerio
505 712 664 793 privetur,
697 720 730 775 et
749 708 929 773 secundum
949 707 1054 792 legem
1075 711 1236 790 emendet,

116 787 216 870 quod
237 787 323 856 fecit
405 789 464 852 lli.
490 812 538 853 ιε.
561 793 591 856 5.
1165 833 1169 846 ·

191 887 274 924 ronan
308 875 387 928 Petre
404 871 504 926 Comes
521 882 550 928 te
574 874 696 946 appellat
720 872 854 926 Martinus
879 872 1141 937 tonstrinarum..
1161 877 1237 946 quod

115 947 153 992 tn
173 940 313 1006 albergasti
331 961 381 1013 per
399 942 528 998 virtutem
545 945 575 998 in
599 962 689 998 oasam
706 961 800 1005 snam,
822 951 850 995 et
867 944 954 997 tulisti
971 961 1019 1013 per
1036 948 1165 1002 virtutem
1183 946 1235 1010 sibi

117 1027 209 1062 unum
224 1029 346 1080 porcum,
368 1011 417 1082 qni
436 1013 547 1068 valebat
563 1015 664 1070 solidos
682 1014 714 1066 X.
750 1015 791 1066 De
808 1019 881 1066 torto
899 1030 943 1065 mc
961 1013 1091 1085 appellas.
1127 1006 1236 1084 Dalsibi

116 1078 320 1162 vadimonium,
347 1090 381 1134 nt
397 1082 420 1134 si
437 1091 466 1135 te
482 1085 639 1139 recordatus
658 1081 760 1144 fueris,
786 1090 818 1134 ut
836 1084 981 1148 emendem
1010 1084 1062 1148 sin,
1088 1094 1119 1139 ut
1142 1091 1170 1137 te
1189 1104 1236 1140 ex·

115 1151 199 1202 dieas.
245 1151 331 1204 Cuius
349 1151 447 1222 placiti
466 1154 641 1209 Sacramenta
658 1160 722 1206 sunt
741 1152 923 1222 appellatoris.
968 1154 1009 1204 De
1027 1151 1092 1218 hoc,
1113 1156 1187 1206 unde
1204 1163 1235 1209 te

105 1219 504 1347 ,pppsupffigp
521 1223 877 1348 ²⁰1iiinoeii¹¹n⁸ii⁰iii
915 1222 1233 1350 ⁵ttt¹²tsttt¹¹2tt

101 1355 202 1413 Poena
222 1329 265 1414 isst
283 1363 461 1433 appellatoris
479 1312 591 1434 qliriiilem
608 1333 715 1418 dicima
732 1380 792 1444 pars
810 1309 1060 1433 tinspiiiqurnio,
1084 1373 1112 1416 et
1138 1363 1234 1434 appel·

99 1430 156 1482 lati
175 1430 265 1484 victi:
292 1451 398 1504 semper
420 1434 524 1488 honore
542 1446 591 1490 aut
606 1434 758 1488 ministerio
779 1431 917 1502 privetur,
945 1443 976 1486 nt
993 1433 1113 1488 bannum
1130 1435 1234 1505 persol-
1256 1469 1263 1480 ν

99 1508 163 1566 vat,
186 1510 217 1553 et
235 1504 391 1558 secundum
409 1505 496 1570 legem
515 1505 688 1578 appellatoris
708 1501 835 1558 emendet
853 1503 963 1556 malum.

193 1571 256 1634 lV.
301 1573 337 1634 Si
367 1574 467 1656 igitur
493 1597 535 1638 ex
562 1584 735 1659 praecepto
757 1579 804 1636 Im
830 1573 939 1649 criali,
971 1573 1086 1636 Comes
1108 1573 1171 1636 loci
1192 1573 1232 1638 ad

54 1667 59 1676 “
100 1653 341 1716 defensionem
361 1657 481 1738 patriae
503 1680 576 1720 snos
597 1657 791 1718 Arimannos
807 1597 974 1718 irostiliter
987 1667 1175 1752 praepetere
1197 1656 1232 1737 h)

102 1736 296 1815 monuerit,
331 1747 541 1822 ratperta,
572 1748 627 1802 aut
648 1759 706 1821 per
726 1739 837 1801 Missos
859 1759 953 1809 suos,
984 1737 1012 1800 si
1033 1738 1151 1824 aliquis
1175 1743 1230 1804 cos

104 1839 188 1878 rum
216 1821 427 1898 remanserit,
457 1823 602 1907 exceptis
630 1821 703 1898 his,
736 1842 817 1902 quos
838 1821 1015 1902 Episcopus
1036 1821 1174 1906 elegerit
1194 1819 1228 1882 in

107 1922 170 1960 sua
194 1903 403 1982 necessitate,
436 1913 492 1966 ant
513 1907 627 1968 Comes
649 1903 810 1966 dimittere
834 1903 991 1981 voluerit,
1023 1903 1085 1964 nisi
1108 1901 1229 1986 aliqui-

106 1983 172 2045 bus
194 1986 333 2060 sumnia,
364 1995 419 2046 ant
440 1988 556 2050 ceteris
577 1985 835 2070 impedimentis,
870 2005 952 2066 qnae
975 1985 1100 2064 legibus
1122 1986 1229 2069 conti7

107 2075 249 2143 nentur,
273 2067 422 2130 detentus
444 2070 559 2148 fuerit,
582 2068 746 2152 widrigild
768 2089 860 2130 snum
883 2079 1061 2152 componat.
1103 2069 1145 2130 Et
1165 2059 1228 2153 hoc

105 2149 226 2209 nullus
256 2151 438 2229 Comitum,
472 2162 529 2212 ant
554 2151 732 2228 Publicus,
763 2158 951 2233 potestatem
971 2149 1087 2212 habeat
1108 2154 1135 2228 c]
1157 2149 1228 2212 cxi·
1266 2219 1269 2232 Ι

101 2231 233 2312 gandi,
257 2233 318 2292 nisi
341 2237 535 2297 cnm'Misso
556 2235 677 2297 Palatii
694 2233 910 2316 Imperatoris.
993 2233 1053 2298 ΙΙΙ.
1080 2235 1125 2294 15.
1147 2231 1177 2298 3.

177 2329 263 2367 sona.
300 2316 378 2368 Petre
396 2324 425 2368 te
451 2318 573 2388 appellat
590 2315 743 2378 Martinus,
780 2315 827 2386 qni
851 2323 892 2368 est
914 2315 1069 2368 Advocatus
1092 2317 1127 2367 dc
1149 2323 1227 2386 parte

97 2381 245 2446 Publica,
270 2385 346 2453 qnod
364 2387 461 2439 Comes
479 2397 544 2441 tuns
560 2405 609 2458 per
627 2393 801 2458 praeceptum
822 2383 965 2455 imperiale
989 2385 1169 2440 ammonuerlt
1186 2395 1225 2448 tc,

99 2453 188 2526 qnod
206 2452 348 2508 hostiliter·
360 2475 482 2526 pergeres
517 2459 553 2510 ad
578 2457 763 2510 defensionem
788 2457 916 2526 patriae,
950 2465 978 2508 et
1005 2455 1040 2507 ad
1067 2473 1157 2528 casam
1185 2471 1230 2510 rer

97 2522 242 2575 mansisti.
279 2525 339 2578 Non
357 2527 451 2595 placet
468 2529 534 2580 Deo.
577 2529 655 2580 'l'unc
681 2527 833 2596 appellatus
859 2527 906 2578 det
933 2527 1060 2590 vadium,
1093 2526 1172 2581 utsi
1197 2543 1228 2579 re

97 2593 267 2648 recordatus
285 2592 368 2647 fuerit
386 2597 521 2652 emendet.
559 2597 607 2650 Sin
625 2607 733 2660 antem,
761 2597 835 2664 quod
853 2613 880 2647 se
900 2597 1017 2649 exdicat
1065 2597 1149 2648 Cuius
1167 2595 1227 2665 pla-

99 2665 154 2717 citi
175 2675 348 2717 sacramenta
364 2675 429 2719 sunt
451 2667 505 2719 ita:
531 2675 563 2719 nt
580 2668 735 2720 Advocatns
752 2684 807 2718 non
824 2666 912 2731 iuret,
941 2667 989 2718 sed
1006 2674 1114 2719 tantum
1133 2665 1227 2736 appel·

31 2752 33 2756 ’
98 2737 199 2786 latus:
222 2733 321 2788 Comes
339 2753 415 2788 meus
430 2755 479 2806 per
494 2745 670 2809 praeceptum
689 2735 832 2804 Imperiale
849 2753 904 2786 non
922 2737 1072 2786 ammonuit
1093 2753 1153 2796 me,
1173 2751 1225 2787 nec

102 2821 156 2875 per
175 2821 221 2867 se,
247 2821 299 2857 nco
315 2823 365 2874 per
382 2825 445 2859 suos
462 2808 576 2870 Missos,
603 2817 634 2859 ut
651 2805 787 2857 hostiliter
813 2821 949 2872 pergerem
975 2807 1010 2856 ad
1038 2805 1225 2857 defensionem

105 2874 225 2944 patriae.
262 2875 292 2926 Si
309 2877 385 2930 Dens
403 2886 455 2930 eto.
474 2877 539 2940 Ant,
559 2894 607 2942 ego
626 2877 661 2928 ad
679 2893 767 2928 casam
793 2892 848 2926 non
866 2875 998 2936 remansi,
1023 2873 1046 2926 ri
1072 2876 1147 2926 Deus
1171 2879 1228 2928 etc·

107 2945 204 2997 Poena
221 2944 332 3016 quidem
352 2955 409 3010 est,
436 2958 468 2999 ut
486 2947 616 3013 widrigild
634 2965 713 2997 sunm
733 2945 846 2997 tribnat.

195 3017 235 3080 V.
275 3019 326 3076 De
348 3015 475 3078 Chartis
496 3038 573 3079 vcro
590 3015 824 3092 interdicimus,
847 3024 882 3075 nt
896 3011 1018 3072 nemini
1034 3011 1131 3072 liceat
1147 3010 1225 3070 alie·

108 3121 173 3160 nas
202 3118 253 3158 res
281 3099 497 3179 praesumtive
519 3099 696 3176 invadere,
731 3095 897 3157 occasione
928 3093 1090 3156 chartulae
1121 3091 1159 3152 ab
1183 3113 1228 3172 eo,
1339 3173 1341 3178 Ι

103 3183 238 3257 factae,
269 3179 328 3262 qui
358 3181 580 3246 investituram
608 3179 784 3264 legitimam
812 3201 877 3239 non
899 3178 1021 3238 habens
1044 3173 1225 3248 dinoscitur

100 3262 279 3326 invasisse.
322 3263 387 3325 Sed
407 3265 435 3326 si
456 3264 529 3344 quis
551 3264 726 3346 acquisitor
747 3261 912 3338 extiterit,
936 3281 1000 3319 non
1023 3267 1117 3316 antea
1139 3258 1227 3318 inve·

101 3348 187 3409 dere
220 3345 343 3406 alienas
372 3367 423 3408 res
453 3347 637 3423 Ecclesiae,
666 3347 719 3406 vel
748 3341 925 3426 cuiuspiam
957 3340 1052 3403 liberi
1083 3339 1227 3400 lronninis¹

100 3436 314 3513 praesumat,
352 3437 526 3512 antequam
555 3436 668 3490 auctor
695 3427 859 3488 chartulae
889 3426 985 3508 legali
1018 3433 1049 3484 et
1079 3421 1224 3523 iudiciali
1288 3483 1291 3488 ,

103 3509 311 3574 diffinitione
339 3531 392 3571 eas
420 3511 581 3573 vindicem
604 3520 637 3572 et
663 3519 741 3570 tunc
770 3511 898 3572 demum
921 3508 972 3570 cui
997 3507 1067 3566 vnlt
1089 3505 1224 3585 liberam

50 3643 53 3648 ,
102 3595 228 3655 habeat
254 3591 405 3654 tradendi
430 3594 624 3659 facultatem.
671 3593 713 3654 Et
740 3593 767 3655 si
789 3591 861 3674 quis
884 3593 892 3650 i
918 3613 966 3654 sas
987 3611 1038 3652 res
1060 3589 1128 3650 sine
1152 3590 1224 3670 lege

104 3675 284 3753 invaserit,
306 3696 372 3736 non
395 3675 500 3737 solnm
520 3675 601 3759 ipsas
623 3696 674 3736 res
696 3675 828 3755 amittat,
851 3615 916 3738 scd
928 3679 1059 3757 insuper¹
1079 3671 1224 3732 bannum

105 3768 260 3820 nostrum
282 3768 462 3838 componat.
549 3761 573 3819 1.
594 3780 643 3836 27·
669 3779 714 3822 12.
817 3783 819 3788 ·

179 3859 262 3896 roan.
298 3843 376 3894 Petre
400 3850 431 3893 te
455 3837 576 3912 appellat
593 3842 745 3899 Martinus,
773 3839 847 3912 quod
872 3845 997 3910 totenes
1021 3839 1072 3890 sibi
1091 3837 1163 3887 malo
1181 3853 1225 3886 or·

104 3913 173 3967 dine
192 3921 293 3965 terram
311 3912 340 3964 in
361 3911 412 3962 tali
431 3911 502 3965 loco.
539 3915 602 3984 lpse
618 3919 689 3963 terra
707 3927 765 3962 msa
782 3910 889 3980 propria
908 3919 955 3962 cst.
999 3908 1074 3978 Quid
1091 3905 1144 3959 tibi
1162 3923 1223 3975 pcr-

139 4053 174 4123 a)
192 4053 245 4104 Urs
265 4053 332 4106 eod.
353 4058 383 4106 in
400 4058 570 4110 mansionem
588 4055 654 4108 Eri·
769 4054 842 4104 triae
868 4069 934 4102 snae
961 4051 1132 4102 Erimanaos
1160 4065 1223 4100 uros

198 4126 297 4174 manni
315 4128 444 4196 applicet.
768 4123 908 4175 hostiliter
922 4131 1080 4190 properam.

718 4199 746 4260 e)
765 4193 806 4242 lJn
825 4191 890 4243 Cod.
910 4204 959 4242 out
975 4191 1087 4258 publico
1104 4201 1222 4258 potestas

139 4228 170 4298 t)
189 4229 241 4282 Ua
261 4227 329 4280 Cssd·
352 4227 391 4281 ad
407 4225 591 4303 defensionem
604 4249 655 4301 Pa·
767 4261 1038 4316 interstinctam
