2734 4990
521 275 737 328 asturianis
1108 263 1182 335 470

82 419 203 481 sanetis
224 415 386 502 Episcopis
405 414 464 475 sibi
486 415 643 493 elegerint
662 417 718 496 qui
747 416 807 477 boe
825 439 917 500 agere
943 419 1067 501 debeat,
1084 424 1188 486 lieen-

51 515 54 525 '
83 504 129 562 tia
150 503 192 563 sit
211 501 257 559 eis
273 509 427 580 expetere,
446 505 479 556 et
501 496 550 555 illi
574 496 633 557 boc
648 499 842 561 benedicere
856 502 903 560 vel
923 525 1118 572 consecrare.
1151 508 1187 567 Si

84 607 164 645 vero
190 582 315 642 caritate
333 581 476 660 exigente
494 579 644 639 Pontifex
667 580 804 661 quilibet
820 583 858 642 ab
882 584 1003 646 Abbate
1020 588 1081 648 loci
1100 589 1188 650 illius

87 668 136 726 ibi
154 665 251 726 t'uerit
269 662 423 736 invitatus,
446 661 634 742 simpliciter
647 684 729 743 quae
752 664 782 722 ei
804 664 820 722 al
844 667 994 728 fratribus
1009 670 1190 732 offeruntur

89 749 240 830 accipiat,
267 745 352 804 nulla
381 743 495 802 exenia
522 744 574 802 rel
603 746 793 804 munuscula
816 749 951 828 amplias
979 751 1024 810 eis
1045 764 1188 834 quaerut,

91 851 199 911 neque
219 831 255 888 de
275 827 423 886 amnibus
448 827 544 884 rebus
572 826 672 909 ipsius
706 829 889 888 Monasterii
918 833 1040 892 nullam
1073 836 1189 897 babeat

92 919 275 995 potestatem.
320 912 403 968 Cum
424 929 500 968 vero
513 908 617 968 Abbas
640 909 737 990 ipsius
756 911 817 970 loci
832 914 990 994 acceperit
1009 919 1188 995 transitum,

93 1013 303 1076 quemcunque
336 991 376 1050 de
405 990 581 1070 semetipsis
609 991 758 1052 Monaebi
789 993 907 1054 ibidem
937 996 1114 1059 lmbitantes
1142 1023 1190 1061 sc·

94 1078 220 1138 eundum
242 1073 389 1154 regulam
411 1073 512 1133 sancti
536 1075 702 1134 Benedicti
729 1075 894 1136 meliorem
924 1079 1119 1158 invenerint,
1144 1084 1191 1163 ip-

92 1181 154 1219 sum
179 1157 334 1216 Abbatem
362 1155 481 1215 ibidem
506 1158 711 1216 constituant.
755 1158 849 1232 Quod
872 1159 896 1220 si
917 1160 974 1241 ipsi
999 1164 1089 1224 dese
1113 1165 1188 1243 ipsis

90 1241 176 1300 talem
199 1260 263 1298 non
287 1237 491 1312 invenerint,
514 1259 586 1298 cnm
608 1241 768 1298 communi
796 1243 932 1301 consilio
955 1244 1002 1302 illi
1025 1247 1187 1306 sauciares

87 1320 225 1382 lllonaohi
249 1319 387 1379 aliunde
410 1321 591 1398 regularem
618 1321 790 1397 Abbatem,
828 1324 882 1402 qtti
908 1347 961 1385 eos
988 1328 1046 1385 sub
1075 1351 1101 1387 rr
1113 1329 1189 1409 gula

84 1405 177 1464 sancti
202 1403 377 1462 Benedicti
400 1412 499 1480 regat,
522 1403 713 1484 elegemlum
739 1404 771 1462 in
796 1427 906 1466 eorum
933 1420 1058 1470 inaneat
1078 1422 1187 1492 potes-

84 1495 152 1546 tate.
192 1486 292 1562 Quod
315 1505 393 1544 vero
414 1487 501 1544 Deus
522 1495 655 1560 avertat,
684 1507 722 1544 ne
745 1487 789 1544 ibi
817 1503 943 1548 sanctas
970 1492 1059 1550 Ordo
1081 1501 1184 1573 tepes-

82 1577 139 1642 cat,
160 1577 191 1628 et
213 1569 282 1648 ipse
297 1567 405 1626 Abbas
428 1565 491 1626 Iroc
512 1567 681 1626 emendare
701 1589 764 1628 non
787 1573 949 1649 praevalet
971 1583 1025 1630 aut
1044 1575 1189 1655 negligit,

82 1659 212 1731 potestas
251 1659 425 1710 maneatur
460 1649 534 1730 ipsis
572 1650 737 1710 Monachis
769 1653 957 1733 ubicunque
989 1653 1021 1712 in
1052 1657 1190 1738 propriis

82 1730 281 1792 Monasteriis
318 1733 439 1790 rectius
468 1741 499 1790 et
528 1732 666 1792 sanctius
697 1735 875 1794 secundum
911 1736 1054 1816 regulam
1088 1737 1190 1798 sancti

81 1814 244 1874 Benedicti
267 1813 469 1888 invenerint,
492 1826 654 1894 expetere,
673 1825 705 1874 et
726 1837 784 1895 per
806 1839 915 1877 eorum
939 1818 1064 1877 salubre
1087 1818 1191 1879 eonsi-

82 1895 155 1954 lium
169 1895 276 1977 ipsum
300 1905 454 1963 sanctum¹
467 1895 623 1954 Ordinem
641 1897 833 1977 regulariter
844 1900 1023 1965 emendare.
1046 1901 1141 1977 Quod
1160 1899 1188 1960 si

82 1978 227 2037 Pontifex
250 1979 307 2038 vel
339 1979 456 2058 aliquis
485 1999 524 2037 ex
552 1978 774 2039 ecclesiasticis
804 1982 1004 2042 Monasteriis
1035 1982 1190 2062 quislibet

83 2061 128 2119 vel
150 2061 261 2141 aliqua
284 2061 398 2120 emissa
427 2081 562 2142 persona
590 2070 701 2120 contra
729 2062 833 2140 ipsum
863 2065 1015 2122 Abbatem
1046 2065 1097 2124 vel
1120 2065 1190 2124 eius

83 2142 364 2224 congregationem
379 2144 418 2202 de
440 2142 629 2223 supradictis
646 2143 813 2205 ordinibus
835 2145 885 2204 vel
906 2145 1190 2207 benedictionibus

83 2225 130 2282 vel
152 2226 189 2284 de
211 2224 314 2284 rebus
336 2225 414 2284 meis
435 2225 571 2305 propriis
594 2226 779 2284 Monasterii
793 2249 850 2307 per
863 2229 1090 2308 qualecunque
1110 2241 1191 2289 stru-

84 2317 184 2365 mento
207 2316 263 2366 aut
287 2328 483 2386 quocunque
506 2307 600 2366 modo
621 2307 660 2365 ad
683 2307 781 2387 ipsum
804 2331 905 2369 cusam
925 2310 987 2369 fuit
1013 2313 1065 2370 vel
1094 2312 1190 2371 inan-

84 2396 129 2445 tea
149 2388 249 2448 fuerit
272 2389 468 2470 delegatum,
490 2389 644 2463 additum,
667 2399 904 2467 commutatum,
929 2391 980 2453 vel
1002 2414 1190 2454 concessum

85 2471 132 2530 vel
154 2471 316 2553 quicquid
337 2471 501 2550 adipsum
523 2472 752 2530 Menasterium
776 2474 826 2532 vel
847 2475 886 2534 ad
909 2495 1019 2534 eorum
1044 2475 1191 2538 homines

85 2554 229 2630 pertinet,
253 2553 380 2632 aliquid
403 2553 598 2612 calumniare
621 2562 674 2611 aut
697 2555 875 2634 inquietare
899 2561 949 2617 vel
978 2579 1036 2637 per
1065 2559 1192 2639 quodli-

82 2633 131 2694 bet
150 2635 324 2716 ingenium
350 2631 496 2694 minuare
518 2636 703 2709 tentaverit,
727 2638 741 2693 el
767 2639 903 2718 glorioso
924 2642 1070 2714 Dumna,
1094 2662 1191 2722 quem

87 2726 157 2776 tunc
180 2721 269 2777 Deus
294 2737 428 2795 regnum
458 2717 661 2797 Burgundiae
693 2718 870 2798 gnbernare
898 2720 1097 2802 permiserit,
1126 2723 1189 2782 hoc
1246 2754 1248 2758 ¹

86 2799 224 2877 protinus
247 2801 441 2860 emendetur
492 2801 612 2858 Precor
634 2799 731 2879 igitur
754 2803 891 2882 glorioso
913 2807 1040 2862 Damno
1063 2804 1118 2884 qui
1142 2817 1190 2866 est

89 2882 278 2962 temporibus
300 2881 472 2956 modernis,
496 2890 526 2938 et
553 2882 668 2940 l'uturis
690 2885 923 2944 successoribus
946 2885 1085 2966 (quibus)
1103 2889 1191 2948 Deus

89 2983 216 3042 regnum
228 2963 437 3044 Burgundios
456 2964 633 3043 gubernare
650 2965 841 3044 permiserit,
864 2977 895 3025 et
908 2989 964 3047 per
976 2967 1038 3027 Dei
1055 2979 1193 3028 tremen-

91 3043 160 3102 dum
178 3045 336 3106 iudicium
351 3044 497 3104 adiurare
510 3049 729 3126 praesumo‘ut
750 3057 951 3126 praesentem
969 3049 1115 3128 paginam
1137 3050 1190 3110 vel
1239 3099 1242 3103 Δ

90 3125 165 3184 lacta
181 3149 251 3187 mea
276 3149 315 3186 ex
338 3127 484 3186 iamdicto
506 3126 696 3186 coenobiolo
727 3149 798 3186 meo
821 3149 877 3188 sua
907 3130 1061 3189 fortitudo
1081 3141 1192 3190 contra

91 3227 210 3268 omnem
231 3209 457 3269 adversitatem
478 3231 535 3290 pro
553 3209 700 3268 mercede
722 3231 777 3269 sua
795 3219 866 3288 post
880 3213 984 3271 Deum
1006 3211 1114 3271 iubeat
1135 3213 1193 3273 de-

92 3289 207 3351 fensare
232 3301 328 3370 atque
356 3289 493 3350 solidum
516 3290 549 3350 in
573 3289 719 3349 omnibus
740 3293 919 3370 custodire,
943 3303 978 3353 ut
1006 3294 1191 3356 nullatenus

94 3370 127 3428 ab
148 3373 351 3434 infestatione
374 3373 529 3450 malorum
555 3372 722 3431 bominum
744 3373 1023 3457 possit'inrumpi‚
1054 3376 1111 3436 sed
1133 3378 1190 3438 de-

95 3451 182 3514 lectet
201 3456 323 3514 ibidem
343 3453 458 3514 Abbati
486 3455 538 3515 vel
561 3454 783 3514 Sacerdotibus
806 3477 863 3517 seu
884 3457 1050 3518 Monachis
1072 3457 1192 3520 ibidem

94 3537 334 3598 consistentibus
352 3556 410 3616 pro
428 3536 491 3597 vita
510 3536 607 3618 ipsius
625 3545 655 3596 et
678 3536 816 3596 liliorum
834 3540 901 3600 eius
924 3542 975 3603 vel
995 3541 1136 3602 exercitu
1160 3554 1193 3604 et

95 3619 174 3676 omni
195 3621 317 3700 populo
339 3617 496 3679 catholico
516 3624 638 3701 quieto·
659 3619 772 3680 ordine
801 3623 976 3684 Dominum
1001 3624 1193 3708 supplicare.

96 3697 126 3756 si
145 3702 213 3782 quis
235 3723 321 3766 vero,

365 3828 509 3912 Qualiter
525 3829 723 3911 privilegium
744 3831 916 3918 condatur..

172 3941 358 4007 XXXVIII.
401 3941 547 4001 Dominis
579 3943 760 4022 apostolicis
790 3948 1010 4025 praesentibus
1038 3954 1192 4033 tempori·

98 4019 150 4080 bus
170 4033 201 4083 et
221 4026 350 4102 lutaris,
372 4024 559 4104 quicunque
581 4025 638 4082 sub
673 4024 734 4084 fide
762 4026 919 4086 catholiea
941 4032 1097 4111 pastorali
1122 4057 1191 4096 see.

100 4113 198 4166 tantur
217 4102 332 4182 ollicia,
364 4107 420 4167 ille
444 4106 621 4181 Episcopus
638 4105 765 4167 Christi
779 4107 921 4169 humilis.
964 4113 1191 4194 Opportunum

102 4195 143 4246 est
160 4188 250 4249 etiarn
274 4189 308 4250 ut
336 4191 441 4250 Deum
463 4187 611 4249 timentes
641 4197 772 4270 propter
795 4200 931 4251 ventura
951 4195 1124 4278 futuraque
1146 4199 1193 4261 iu.
