2734 4990
486 323 490 334 ·
554 283 841 360 areuonumn'
1032 323 1035 332 ·
1163 279 1234 354 405

430 449 551 510 Notitiu
573 448 611 507 de
638 468 731 506 eruce
756 444 945 506 evindicata.
997 516 1000 522 Ι

221 566 291 633 Xlt,
332 570 416 629 Dum
436 575 468 622 et
490 563 636 622 omnibus
656 571 782 622 nonest
801 557 1003 644 incognitum
1024 560 1164 642 qualiter
1183 582 1236 620 ve·

138 652 231 720 niens
249 649 480 729 lromualiquis
503 647 633 704 nomine
652 646 708 704 ille
730 655 813 703 ante·
828 647 991 726 Viget-inm
1014 644 1156 704 inlustris
1174 643 1237 704 viri

139 737 228 808 illius
253 732 384 792 Comitis
408 729 538 795 nomine
561 729 629 802 illo,
651 729 802 788 rulrersus
823 727 985 786 huminem
1012 728 1151 806 aliquem
1178 747 1238 784 no-

138 818 225 877 rnine
246 817 349 890 illum,
370 810 535 894 repetebat
557 811 586 870 ei
614 809 689 868 dum
711 810 832 868 diceret
850 832 887 868 eo
907 811 992 891 quod
1014 820 1130 868 terram
1150 828 1240 867 suam

142 903 257 965 desua
285 918 393 957 manso
417 895 473 954 vel¹
497 895 535 953 de
562 900 796 972 suupotestate·
819 892 901 950 maln
929 892 1043 950 ordine
1069 891 1240 974 proprisisss
1282 919 1284 926 ·

139 991 205 1044 set..
236 981 297 1040 Sed
322 980 388 1060 ipse
409 977 465 1036 ille
484 977 523 1035 de
546 969 706 1055 praesenti
732 973 854 1034 adstare
885 974 1071 1050 ridebatur,
1101 984 1133 1033 et
1159 971 1242 1031 hanc

139 1085 265 1126 eausam
286 1062 413 1124 fortiter
439 1058 609 1138 denegavit
630 1055 716 1138 quod
743 1079 830 1117 suam
855 1065 972 1116 terram
995 1057 1035 1118 de
1058 1075 1115 1117 suo
1134 1075 1244 1114 manso

138 1143 223 1208 malo
248 1143 360 1208 ordine
381 1161 544 1222 nunquam
564 1138 790 1221 proprississet,
804 1160 863 1202 nee
883 1148 950 1219 post
965 1161 997 1199 se
1015 1159 1179 1219 nunquam
1196 1157 1245 1198 re·

139 1228 284 1288 tinuerit.
327 1226 391 1286 Sed
407 1225 514 1284 taliter
539 1223 569 1282 ei
591 1223 656 1280 l'uit
676 1221 848 1281 iudicatum
873 1221 941 1302 ipso
963 1222 1080 1304 placito
1100 1229 1172 1280 ente
1195 1218 1246 1299 ip-

119 1332 213 1386 ,sum
238 1308 424 1390 Vigarium,
451 1306 504 1366 rel
535 1315 608 1369 aute
634 1305 716 1384 ipsos
745 1325 910 1384 pagenses,
932 1313 968 1362 ut
991 1304 1035 1364 ad
1054 1325 1184 1364 crucem
1208 1299 1248 1360 ad

142 1391 299 1457 iudicium
318 1389 378 1450 Dei
402 1411 464 1471 pro
485 1387 550 1466 ipsa
571 1398 653 1446 terra
679 1385 712 1443 in
739 1398 849 1447 noctes
879 1385 1089 1466 quadraginta
1113 1388 1191 1448 duas
1212 1383 1247 1445 itt

76 1496 82 1506 ·
143 1481 213 1558 ipse
237 1472 356 1556 placito
377 1494 436 1552 pro
456 1471 518 1529 hoc
542 1470 696 1530 <labarent
719 1469 853 1548 adstare.
911 1470 1006 1546 Quod
1032 1469 1075 1528 ita
1104 1479 1137 1530 et
1166 1469 1252 1528 fece·

144 1567 231 1622 runt.
274 1556 339 1617 Sed
364 1552 532 1612 venientes
555 1554 592 1614 nd
618 1551 720 1632 ipsum
740 1552 911 1632 placitum,
939 1551 1021 1612 sieut
1047 1552 1092 1614 eis
1117 1551 1181 1614 suit
1203 1549 1252 1608 iu·

147 1641 309 1712 dicatum,
341 1644 414 1699 ante
440 1635 541 1714 ipsum
567 1635 756 1715 Vigarium,
792 1635 843 1694 rel
866 1646 939 1696 ante
969 1633 1053 1715 ipsos
1078 1654 1254 1718 pagenses,¹

146 1721 316 1800 adipsum
348 1717 503 1788 iudicium
534 1719 647 1776 vel'ad
669 1717 767 1797 ipsam
796 1739 923 1780 crucem
947 1716 1006 1776 visi
1031 1719 1164 1778 luerunt
1189 1722 1253 1774 ste·

147 1805 242 1872 tisse;
263 1800 318 1860 sed
339 1800 408 1875 ip'se
432 1799 524 1860 illum
545 1800 726 1871 hominem,
754 1801 809 1880 qui
835 1800 932 1880 ipsam
954 1807 1071 1860 terram
1090 1795 1254 1881 proprisit,

149 1885 189 1945 ud
221 1883 323 1964 ipsum
350 1881 505 1940 iudicium
526 1882 578 1956 vel
602 1884 639 1940 ad
662 1879 758 1962 ipsam
783 1903 909 1942 erucem
932 1903 1005 1941 eum
1026 1875 1256 1951 convicit3sed

149 1968 218 2044 ipse
249 1966 287 2023 in*
317 1965 386 2046 ipso
414 1963 534 2044 placito
562 1965 600 2023 ad
629 1965 725 2044 ipsam
758 1986 884 2024 erucem
912 1965 998 2026 risus
1030 1965 1169 2036 cudisse;
1199 1956 1257 2023 sed

150 2050 226 2110 dum
247 2047 326 2106 baec
354 2069 447 2106 eausa
473 2046 518 2106 sie
539 2047 602 2106 fuit
629 2047 768 2118 inventa,
791 2047 877 2127 qrrnd
896 2047 962 2127 ipse
989 2048 1045 2109 ille
1064 2047 1120 2126 qui
1142 2047 1183 2108 ad
1205 2043 1257 2122 ip·

151 2153 223 2203 sum
249 2129 406 2188 indicium
425 2128 478 2187 rel
503 2129 542 2188 ad
572 2129 669 2209 ipsam
691 2150 818 2190 erucem
838 2131 984 2208 eadisset,
1012 2131 1131 2193 solidos
1152 2135 1257 2190 tantos

153 2212 183 2272 ei
206 2210 417 2272 transsolvere
446 2211 594 2286 deberet,
625 2211 714 2291 qnod
737 2212 776 2270 ita
801 2224 833 2274 et
854 2214 946 2286 fecit,
970 2223 1001 2272 et
1026 2213 1065 2274 de
1088 2213 1154 2297 ipsa
1171 2221 1258 2270 terra
1285 2283 1288 2288 Δ

152 2297 259 2373 ipsum
284 2295 377 2352 illum
406 2293 530 2374 legibus
559 2295 713 2354 revestire
741 2294 892 2366 deberet,
922 2296 1009 2377 quod
1042 2295 1084 2356 ita
1113 2305 1145 2358 et
1170 2288 1258 2354 fecit

153 2377 248 2438 Tunc
274 2376 381 2434 taliter
402 2376 431 2442 ei
452 2376 694 2451 iudicaverunt,
717 2386 752 2435 ut
777 2378 843 2454 ipse
868 2378 924 2436 ille
955 2379 993 2438 de
1014 2377 1176 2457 praesenti
1205 2368 1258 2436 (lle

153 2460 256 2538 ipsam
280 2465 394 2517 terram
408 2469 472 2517 tam
490 2468 609 2516 contra·
623 2459 724 2536 ipsum
743 2459 836 2519 illum
853 2461 903 2520 rel
920 2458 1057 2522 heredes
1073 2482 1146 2521 snos
1162 2476 1261 2539 quem

154 2541 466 2620 eontra'quemlibet
492 2539 654 2600 bominem
681 2541 834 2612 omnique
857 2541 1000 2623 tempore
1026 2542 1143 2603 babeat
1164 2540 1259 2602 eviu-

154 2625 291 2684 di'eatam
314 2633 410 2701 atque
433 2623 618 2704 elitigatam,
640 2634 677 2683 ut
697 2635 759 2684 tam
786 2625 851 2705 ipse
873 2625 928 2685 ille
950 2648 1044 2707 quarn
1066 2633 1099 2688 et
1120 2621 1259 2708 posteri·

152 2716 200 2766 tas
226 2713 282 2765 sua
310 2714 381 2784 post
411 2706 495 2766 banc
526 2706 612 2765 diem
642 2707 836 2786 praedictam
861 2717 977 2768 terram
1006 2707 1119 2790 quieto
1143 2705 1259 2767 ordine

156 2789 262 2848 valeat
291 2786 454 2866 possidere
482 2788 534 2848 vel
562 2789 747 2863 dominare,
790 2800 823 2849 et
844 2790 932 2850 ducti
957 2799 989 2849 et
1014 2790 1119 2852 securi
1140 2787 1258 2848 exinde

159 2870 286 2928 valeant
308 2869 459 2935 residere.
491 2873 645 2932 .-Faetum
663 2871 817 2933 iudicium
839 2873 872 2931 in
893 2874 965 2934 loco
992 2873 1050 2934 illo
1075 2871 1259 2957 publiciter.

538 2975 647 3036 Cautio
669 2975 708 3036 de
729 2973 904 3042 clavibus*

181 3148 185 3155 ,
243 3080 337 3154 Xttt
377 3084 461 3140 Dum
483 3091 515 3142 et
537 3101 595 3164 per
613 3083 721 3163 plures
739 3082 886 3143 homines
905 3093 952 3143 est
967 3087 1161 3166 patefactum
1178 3105 1259 3167 qua·

158 3164 234 3224 liter
256 3162 288 3222 in
321 3163 381 3224 Dei
405 3165 531 3224 nomine
565 3165 621 3224 ille
651 3165 784 3225 veniens
811 3166 844 3224 in
870 3167 989 3248 placito
1010 3179 1082 3229 ante
1112 3162 1184 3228 i‘llo's
1205 3167 1259 3230 rel

155 3247 362 3326 qiuimplures
383 3246 481 3308 bonos
506 3247 651 3307 homines
673 3247 823 3307 adversus
841 3247 1002 3308 hominem
1021 3252 1151 3312 nomine
1168 3252 1262 3312 illum

156 3331 323 3407 repetebat
353 3329 381 3388 ei
408 3331 481 3389 dum
509 3331 632 3390 diceret
660 3351 698 3388 eo
725 3329 812 3408 quod
838 3330 969 3390 cellaria
999 3333 1050 3393 vel
1079 3355 1201 3395 camara
1229 3343 1262 3394 et

135 3413 308 3486 eerraira,
339 3412 495 3492 qtri'cqui‘d
527 3413 559 3470 in
591 3409 637 3470 eis
663 3411 776 3470 babuit
803 3415 996 3496 repositum,
1025 3415 1087 3477 boe
1111 3425 1178 3492 est,
1208 3439 1261 3476 au-

157 3513 241 3566 rurn,
264 3504 440 3569 argentum,
463 3493 615 3574 drapalia,
641 3515 735 3568 arma,
757 3495 878 3572 vinum,
901 3519 1077 3565 annonam.
1107 3500 1155 3558 vel
1177 3501 1260 3561 vita-

158 3573 200 3631 lia
223 3597 277 3632 sna
299 3598 355 3652 per
378 3599 449 3636 siras
470 3579 574 3636 claves
598 3577 848 3637 commendasset
873 3573 916 3640 ad
945 3581 1189 3643 custodiendum
1207 3584 1260 3644 vel

143 3656 197 3714 'ad
221 3656 431 3736 salvandum,
472 3669 504 3717 et
527 3659 623 3737 ipsam
651 3682 719 3720 rem
747 3660 778 3718 in
812 3662 1013 3740 naufragium
1036 3665 1142 3724 vrl'i'n
1171 3665 1277 3725 dam-·

158 3759 234 3795 num
263 3741 383 3824 posuit.¹
420 3741 484 3800 Sed
511 3741 577 3821 ipse
610 3741 663 3800 ille
686 3743 724 3801 de
752 3745 912 3823 praesenti
934 3739 1096 3822 adstabat,
1124 3757 1156 3808 et
1176 3749 1261 3808 hane

158 3824 284 3878 cansirm
308 3822 492 3882 nullatenus
513 3825 619 3904 potuit
642 3825 816 3906 denegare;
846 3827 901 3885 sed
923 3828 1031 3888 taliter
1057 3829 1087 3890 ei
1108 3830 1172 3891 fuit
1190 3853 1264 3913 pro·

156 3905 278 3972 fassus,
307 3905 395 3983 quod
429 3906 528 3984 ipsam
555 3929 621 3966 rem
653 3908 799 3986 superius
825 3908 1062 3970 denominatam
1085 3933 1144 3993 per
1168 3937 1262 3975 suum
1315 3919 1318 3930 '

158 3985 341 4064 neglretum
367 3997 398 4046 et
422 4010 482 4064 per
506 4011 597 4047 surim
619 3989 744 4050 sueinus
763 3989 826 4048 fuit
851 3991 974 4068 perdita
996 3996 1047 4055 rel
1066 3997 1260 4076 naufragata.

157 4066 252 4125 Tune
274 4069 381 4127 taliter
403 4071 433 4128 ei
455 4071 702 4143 indicaverunt,
726 4081 762 4130 ut
784 4072 882 4149 ipsam
904 4095 972 4133 rem
999 4076 1029 4136 ei
1046 4081 1262 4140 transsolvere

157 4149 210 4226 vel
233 4151 403 4210 emendare
424 4153 565 4214 deberet.
607 4153 672 4215 Sed
692 4157 757 4235 ipse
776 4154 831 4218 ille
846 4155 1032 4218 nullatenus
1046 4159 1157 4222 habuit
1174 4163 1261 4222 unde

159 4229 267 4325 ipsam,
282 4253 351 4290 rem
366 4235 578 4300 transsolvere
603 4239 655 4298 vel
683 4237 850 4299 emendare
879 4237 1018 4306 deberet.
1063 4243 1126 4304 Sed
1155 4243 1263 4305 taliter
