2684 4990
247 1175 419 1286 IURA
464 1168 1054 1282 MINISTERIALIUM

97 1388 576 1510 neucesarie
627 1356 1201 1476 COLONIENSIS.

277 1665 288 1678 r
340 1573 399 1640 EX
420 1573 654 1641 MEMBRANA
687 1571 864 1634 SAECULI
884 1567 960 1638 x11.

322 1912 406 1966 lunt
423 1909 728 1966 MINISTERIALIUM
744 1907 850 1962 BEATI
869 1909 985 1965 PETRI.
1055 1977 1057 1981 v

1201 2017 1210 2042 Ι

99 2059 138 2156 In
155 2091 266 2157 nomine
283 2105 394 2160 sanctae
413 2111 441 2156 et
457 2102 599 2156 individue
617 2099 766 2153 Trinitatis.
802 2101 860 2155 Hec
877 2110 941 2156 sunt
965 2101 1025 2154 iura
1047 2077 1209 2171 ministeria}
1250 2161 1260 2186 Χ

99 2175 142 2227 lia
155 2175 243 2297 sandeti
262 2175 336 2254 Petri,
350 2176 380 2226 in
398 2173 512 2226 Colonia
530 2172 565 2226 ab
585 2171 698 2242 antiquo
722 2170 857 2224 ordinata»
872 2181 901 2226 et
924 2180 1026 2227 statuta
1050 2180 1155 2228 servata
1181 2177 1209 2254 ep

100 2262 194 2299 servan
216 2262 239 2296 a.
1200 2277 1206 2304 ,

170 2349 192 2399 Ι.
228 2347 420 2400 Ministeriales
437 2345 512 2398 beati
531 2345 603 2396 Petri
619 2343 735 2396 Domino
753 2359 802 2397 sno
819 2344 1030 2417 Archiepiscopo
1048 2342 1211 2396 fidelitatem

99 2415 272 2541 :ierppaffllrppa
291 2417 455 2489 exceptione
481 2414 601 2479 sacient,
624 2422 653 2467 et
680 2431 739 2467 eam
766 2415 791 2468 ei
817 2424 912 2468 contra
938 2433 1045 2470 omnem
1071 2412 1210 2501 hominem

169 2588 206 2641 ΙΙ.
242 2588 270 2640 Si
288 2588 393 2658 aliquis,
405 2587 547 2642 hominurn
566 2587 674 2640 Terram
693 2585 883 2640 coloniensem
902 2597 930 2640 et
947 2591 1074 2642 terminos
1099 2585 1211 2656 Episco-

97 2664 176 2728 patus
196 2658 324 2713 invadere
341 2660 477 2722 voluerit,
503 2658 620 2710 universi
638 2657 828 2709 Ministeriaies
846 2657 921 2709 beati
939 2660 1009 2710 Petri
1026 2667 1083 2712 tam
1105 2657 1211 2710 heneti*-

99 2729 164 2779 ciati
183 2745 263 2796 quam
282 2746 338 2780 non
356 2728 514 2781 beneficiati
535 2729 569 2778 ad
588 2727 787 2780 defendendam
809 2729 917 2778 Terram
940 2729 1057 2781 Domino
1083 2745 1132 2778 suo
1161 2730 1210 2778 Ar-

100 2795 272 2866 chiepiseopo
291 2799 412 2849 assistere
430 2809 458 2848 et
476 2815 563 2866 usque
583 2798 617 2848 ad
633 2799 760 2848 terminos
786 2797 963 2868 Episcopatus
989 2816 1050 2848 eum
1071 2813 1140 2848 enm
1169 2813 1211 2848 ar-

100 2863 150 2914 mis
168 2867 245 2935 sequi
265 2865 383 2931 dehent,
413 2867 434 2916 si
453 2875 543 2917 autem
563 2867 785 2937 Archiepiscopus
812 2868 883 2919 ultra
908 2868 1055 2937 procedere
1079 2865 1210 2931 voluerit,

98 2931 151 3003 ipsi
170 2951 231 2985 eum
249 2935 356 3002 longius
374 2936 452 3006 sequi
471 2953 525 2987 non
543 2943 688 2997 tenentur,
707 2937 758 2988 nisi
776 2936 830 2989 hoc
849 2937 884 2990 de
902 2939 1045 2990 voluntate
1070 2953 1119 2987 sua
1144 2936 1211 2987 saci.

100 3011 165 3067 ant,
186 3012 234 3056 aut
252 3003 383 3056 Dominus
402 3006 586 3075 eorumapud
604 3024 649 3059 eos
667 3006 931 3076 hocptomereatur.
968 3008 996 3058 Si
1022 3017 1113 3060 autem
1138 3005 1210 3056 redi·
1303 3011 1306 3021 “

99 3082 144 3125 tus
168 3073 389 3144 Archiepiscopi,
417 3076 584 3146 ubicumque
611 3080 686 3129 ex'tra
712 3079 840 3130 terminos
864 3077 1041 3148 Episcopatus
1068 3075 1112 3130 siti
1135 3084 1209 3144 sunt,

100 3141 136 3193 ab
155 3145 247 3212 aliquo
265 3145 401 3197 violenter
417 3145 503 3198 invasi
527 3146 644 3211 suerint,
670 3147 721 3216 ipsi
740 3147 775 3198 ad
792 3147 864 3201 hanc
881 3148 1042 3202 violentiam
1064 3147 1210 3217 reprimen-

100 3213 163 3265 dam
182 3215 329 3267 Dominum
347 3232 425 3267 suum
442 3216 511 3267 illuc
529 3217 606 3286 sequi
625 3217 734 3270 debent.

170 3315 241 3382 ΙΙΙ..
260 3317 328 3368 Item
347 3317 369 3368 si
388 3315 611 3388 drchiepiscopus
630 3317 745 3370 alicuius
763 3319 983 3372 Ministerialinm
1008 3335 1115 3378 suorum
1142 3335 1211 3388 qua-

101 3399 212 3454 cunque
231 3387 374 3439 occasione
392 3389 506 3438 offeasus
525 3387 626 3448 fuerit,
652 3387 691 3440 ita
710 3390 784 3458 quod
802 3391 911 3455 gratiam
929 3408 1004 3442 suam
1031 3382 1058 3441 ei'
1082 3390 1209 3456 denegat,

100 3463 128 3506 et
148 3454 227 3506 bonis
245 3457 299 3509 suis
329 3475 391 3508 eum
410 3457 578 3522 exheredat,
604 3453 654 3509 ille
671 3457 853 3511 ministerialis
871 3459 1084 3514 Nobiles'Terre
1111 3468 1138 3512 et
1164 3477 1209 3512 eos

99 3527 243 3595 precipue,
264 3527 310 3595 qui
329 3527 426 3579 summi
446 3527 583 3580 Officiaies
602 3527 683 3579 Curie
700 3540 847 3593 vocantur,
878 3529 1004 3601 precibus
1024 3539 1051 3582 et
1076 3529 1209 3598 obsequio

7 3615 32 3653 μ
101 3591 216 3646 invitare
234 3597 334 3659 dehet,
360 3605 496 3666 quatenus
513 3596 563 3667 ipsi
583 3597 655 3664 apud
678 3599 825 3651 Dominum
851 3617 929 3652 suum
953 3619 1001 3671 pro
1025 3601 1211 3670 recuperanda

100 3662 185 3726 gratia
204 3665 260 3717 eius
278 3666 457 3719 intercedant.
493 3666 597 3736 Quodsi
614 3667 671 3737 ipse
689 3667 758 3720 infra
776 3687 876 3724 annum
894 3687 952 3722 earn
971 3687 1130 3740 recuperare
1154 3687 1211 3722 uon

99 3733 234 3794 valuerit,
254 3736 365 3803 expleto
383 3753 454 3787 anun
473 3737 508 3787 ad
526 3736 609 3789 alium
628 3738 773 3790 Dominum
792 3757 820 3790 se
837 3739 980 3793 transferre
997 3741 1108 3810 poterit,
1128 3749 1159 3792 ut
1175 3741 1212 3791 il·

97 3799 119 3851 li
138 3803 246 3857 serviat.
284 3806 327 3857 lta
344 3814 454 3868 tamen,
485 3813 516 3856 ut
533 3823 584 3859 nec
602 3807 709 3877 rapinae
726 3826 779 3860 nee
796 3808 924 3861 incendia
944 3819 1038 3863 eontra
1063 3809 1210 3862 Dominum

97 3888 175 3923 suurn
202 3873 443 3945 Archiepiscopum
464 3883 599 3928 exerceat.
644 3878 672 3928 Si
697 3888 787 3930 autem
814 3879 1038 3951 Archiepisropus
1065 3897 1126 3932 eum
1152 3897 1209 3934 non

99 3939 261 4008 exheredat,
292 3946 339 3997 sed
358 3947 550 4000 tantummodo
568 3946 678 4012 gratiam
697 3949 878 4016 stram'cidem
906 3951 1040 4016 denegat,
1066 3951 1124 4020 ipse
1147 3957 1210 4018 post

97 4009 250 4078 predictum
270 4033 370 4068 annum
389 4017 547 4087 expletum,
568 4017 706 4069 servitium
724 4036 802 4072 suum
820 4019 1004 4073 Domino'euo
1020 4019 1209 4090 Archiepisco·

97 4094 134 4148 po
153 4079 311 4136 subtrahere
329 4094 435 4155 potest,
456 4087 544 4138 donec
564 4086 676 4152 gratiam
694 4104 768 4140 suam
785 4090 934 4160 recuperet.

167 4180 213 4230 tv.
250 4183 319 4236 Item
336 4184 526 4238 Ministeriales
545 4185 618 4237 beati
645 4188 716 4241 Petri
741 4189 775 4240 ad
800 4189 1009 4244 coronationem
1036 4193 1207 4264 imperatoris

98 4265 160 4304 eum
178 4248 295 4304 Domino
312 4270 361 4308 ruo
381 4255 590 4327 Archiepiscopo
610 4258 680 4312 ultra
708 4259 789 4329 Alpes
815 4261 844 4312 in
868 4261 1076 4334 Expeditionem
1103 4264 1142 4318 ire
1166 4274 1209 4318 te-
