2734 4990
513 331 772 390 c1nnanaaoo11
1130 315 1202 390 423

97 476 141 537 Et
167 482 243 557 post
260 481 401 536 nostrum
419 471 585 535 amborum
605 473 797 552 discessum,
819 473 1001 537 cumomni
1027 494 1063 537 re
1089 475 1206 538 melio-

97 555 356 640 rata‚,quicquid
368 556 487 618 ibidem
508 557 653 638 undique
670 557 837 619 adtrahere
860 564 916 620 ant
934 555 1104 622 meliorare
1116 566 1206 641 pote-

98 640 215 714 rimus,
235 659 292 720 per
315 636 398 698 hanc
421 639 642 722 precatoriam,
656 662 693 702 ac
718 640 746 702 si
769 658 895 722 semper
909 659 969 720 per
983 637 1206 722 quinquenni-

101 744 161 781 um
181 729 330 781 renovata
346 720 473 799 fuisset,
491 722 610 804 absque
629 722 730 783 ullius
746 720 868 784 Iudicis
887 719 1117 782 aut'lreredum
1133 743 1208 784 nos·

101 813 226 865 trorum
245 812 409 884 expectata
434 804 606 867 traditione
626 826 682 866 vos
705 813 738 867 et
760 823 959 867 successores
981 804 1079 865 vestri
1099 811 1154 864 aut
1174 827 1209 864 a·

104 895 214 968 gentes
237 883 401 947 Ecclesiae
420 885 459 963 in
476 894 614 966 vestram
636 908 706 948 eam
728 886 852 949 faciatis
882 884 1133 946 dominationem
1151 907 1209 948 re-

103 989 217 1030 vocare
247 969 805 1052 perpetualiter‘possidendamgvel
834 966 993 1064 quicquid
1017 967 1134 1029 exinde
1156 969 1207 1028 fa-

103 1064 175 1110 cere
197 1049 377 1131 elegeritis,
398 1051 482 1114 sieut
501 1061 611 1116 nostra
629 1051 777 1112 continet
797 1049 943 1134 eprstola,
964 1050 1004 1111 ad
1025 1051 1209 1130 profectum

104 1131 263 1214 praefatae
288 1131 454 1200 Ecclesiae
476 1133 597 1198 Domui
626 1132 717 1194 illius
746 1132 889 1196 liberum
909 1131 1052 1195 habeatis
1078 1131 1209 1195 arbitri-

104 1233 168 1274 um.
207 1215 307 1276 Facta
331 1214 477 1300 precaria
502 1216 557 1277 ibi.
598 1217 641 1279 Et
667 1214 804 1298 reliqua,

290 1346 294 1356 ¹
415 1350 566 1414 Venditis
597 1349 643 1412 ad
662 1349 902 1413 Monasterium.

183 1465 343 1534 xxvm.
384 1466 573 1530 venerans
606 1467 641 1528 in
672 1449 801 1528 casato
828 1464 913 1549 pata
943 1460 1214 1527 00100οι00

102 1551 299 1613 Monasterio
331 1548 442 1611 Sancti
472 1557 532 1610 etc.
557 1561 591 1610 at
617 1569 713 1634 supro
733 1571 806 1634 pag.
828 1547 902 1626 408.

436 1665 588 1726 Precart'a
614 1663 655 1724 dc
679 1663 873 1729 venditione.

140 1770 147 1779 .
187 1779 305 1841 XXIX.
347 1777 384 1839 10
406 1775 534 1864 Christo
558 1775 737 1839 venerabili
758 1777 848 1860 patri·
867 1784 900 1840 et
917 1777 1046 1840 Domno
1067 1773 1128 1838 illl.
1150 1773 1212 1836 Ab·

107 1862 171 1924 bati
194 1872 253 1925 etc.
274 1875 308 1922 ut
329 1881 426 1944 supra
446 1879 517 1942 pag.
546 1859 617 1937 408.

369 1975 634 2046 Commendatitia
656 1975 697 2038 de
724 1998 759 2039 re
787 1974 928 2046 vendita.

182 2089 290 2154 XXX.
330 2092 370 2154 In
395 2092 527 2155 Christo
549 2093 745 2155 venerabilis
759 2093 864 2155 Abbas
881 2093 940 2155 ille
959 2093 999 2154 da
1017 2087 1212 2153 Monasterio
1324 2091 1328 2100 '

103 2175 179 2255 illo,
202 2176 289 2258 quod
313 2184 361 2238 est
381 2175 415 2235 iu
434 2196 522 2259 pago
544 2174 604 2236 illo
629 2185 690 2241 etc.
715 2190 748 2237 ut
777 2195 872 2259 snpra
896 2197 968 2259 pag.
992 2174 1065 2255 409.
1158 2255 1162 2264 Ι

429 2291 639 2374 Praeceptum
658 2288 699 2349 de
720 2290 894 2354 clericatu.

181 2403 299 2464 XXXI.
341 2403 376 2464 Si
401 2403 447 2464 eis
475 2404 532 2487 qui
551 2425 585 2466 se
606 2405 646 2465 ad
670 2426 752 2466 onus
774 2404 944 2467 clericatus
960 2405 1135 2466 transferre
1155 2405 1211 2468 de·

102 2486 252 2566 liberant,
278 2486 445 2547 licentiam
471 2509 538 2547 non
565 2508 718 2570 negamus
744 2497 805 2548 etc.
825 2499 859 2548 nt
884 2509 980 2572 supro
997 2508 1069 2572 pag.
1097 2507 1169 2571 299.

211 2590 214 2600 ¹
255 2600 350 2662 Carta
371 2601 547 2663 deducant
571 2614 601 2663 et
620 2601 789 2685 patritiam
814 2603 869 2664 vel
892 2605 1051 2667 comitatu.

182 2713 329 2776 XXXII.
370 2716 550 2798 Perspicue'
570 2715 687 2796 regalis
715 2714 750 2774 in
776 2714 838 2778 hoc
865 2717 1012 2801 perfecta
1037 2715 1211 2778 conlauda·

103 2806 156 2859 tur
184 2797 356 2860 clementia
379 2806 440 2862 etc.
470 2811 625 2882 utsupra
643 2817 716 2882 pag.
742 2801 813 2880 094.

383 2911 550 2999 Tractoric
572 2914 606 2972 ia
630 2913 742 2974 itinere
761 2911 931 2996 pergendo.

186 3024 348 3092 XXXIII.
387 3028 543 3089 Dominis
563 3028 686 3101 Sanctis
710 3038 743 3089 et
768 3028 961 3110 Apostolicis
985 3029 1115 3092 sedibus
1135 3028 1205 3094 col-

103 3107 216 3170 locatis
238 3108 413 3193 Episcopis,
439 3109 626 3189 latratibus,
649 3122 709 3172 etc.
731 3123 767 3171 nt
790 3130 893 3192 snpra
908 3131 981 3192 pag.
1001 3111 1073 3188 548.

524 3223 598 3285 Atia
619 3227 779 3286 tractoria.

179 3335 340 3410 XXXIV,
382 3338 529 3400 Dominis
553 3339 678 3400 Sanctis
702 3346 735 3400 et
756 3335 950 3420 Apostolicis
977 3358 1015 3398 ac
1042 3337 1208 3399 venerabi·
1253 3347 1263 3359 “

98 3417 183 3480 libus
204 3419 239 3478 in
268 3419 399 3482 Christo
418 3423 561 3504 patribus
582 3421 723 3503 Regibus
746 3429 807 3488 etc.
826 3432 976 3512 utsupra
998 3441 1071 3502 pag.
1090 3419 1162 3498 406.

119 3553 267 3644 Epistola
284 3561 438 3623 tractoria
462 3560 682 3658 legataritarnm
702 3561 757 3622 cel
775 3562 904 3623 minima
913 3559 1069 3644 facienda
1091 3561 1182 3620 istius

601 3655 712 3704 instar.
1254 3653 1259 3662 ¹

115 3757 117 3769 ¹
180 3754 321 3824 XXXV.
362 3755 892 3840 1110110000010004400111000.
931 3758 1020 3819 Dum
1038 3768 1071 3820 ct
1090 3781 1148 3821 nos
1169 3759 1204 3819 in

99 3839 160 3900 Dei
191 3841 321 3902 nomine
349 3840 535 3924 Apostolico
561 3851 621 3906 etc.
642 3855 676 3902 ut
698 3861 794 3925 supro
817 3861 889 3927 pag.
914 3839 1000 3921 295.=

431 3955 525 4018 Carta
550 3955 589 4015 de
617 3976 711 4026 caasa
731 3976 889 4040 suspense.

178 4066 340 4136 XXXVI..
382 4071 561 4154 Cognoscat
580 4069 768 4152 magnitudo
785 4091 842 4130 sen
863 4069 982 4132 utilitas
1002 4077 1104 4132 vestra
1123 4066 1201 4130 dum

100 4159 131 4212 et
144 4173 203 4214 000
227 4153 266 4214 ad
279 4175 428 4237 praesens
447 4153 631 4238 Apostolico
653 4153 723 4217 viro
738 4153 785 4213 ill.
803 4162 862 4214 etc.
881 4167 916 4215 ut
931 4173 1027 4236 snpra
1039 4172 1111 4238 pag.
1128 4153 1202 4222 bor.
