2684 4990
199 267 274 350 tel
569 293 748 350 utaentur
765 294 939 352 aristote
977 341 982 354 .

267 434 316 489 lx.
352 431 450 486 blusso
468 432 557 486 mium
576 441 667 488 autem
685 435 749 501 negt
766 435 811 488 vel
830 435 945 490 cuilibet
961 435 991 489 ln
1015 427 1157 510 quocunque
1177 443 1228 504 ordre

199 513 296 558 contra
313 504 385 569 leges
403 502 509 556 asinas
526 503 593 558 licet
612 521 688 570 agere
706 523 754 576 per
774 515 968 575 contemptum.
1005 505 1078 558 Unde
1099 509 1190 582 Principi
1206 526 1232 570 tes.

195 593 241 628 rae
260 590 421 643 magnopere
438 573 635 642 providendum
655 584 739 645 atque
758 576 909 627 cavendum
929 584 986 636 ert,
1005 593 1039 628 ne
1055 576 1082 628 in
1097 577 1131 631 bis
1145 582 1198 634 Deus
1214 588 1235 639 st.

196 645 341 706 fendatur,
359 660 408 714 per
424 659 492 712 quos
511 643 605 708 religio
624 644 777 698 Christiana
797 646 941 698 consistere
955 645 1060 708 debet,
1084 654 1109 698 et
1131 655 1236 706 caeterirb

194 715 341 768 offensione
359 712 465 765 salvari.
501 712 535 765 tt
551 713 631 774 ideo,
652 714 717 784 quia
735 732 776 766 res
793 715 998 768 Ecclesiasticas
1016 715 1101 768 divino
1120 719 1196 773 iudicio
1212 731 1237 778 lu·

195 786 279 838 eudas
298 793 326 836 et
346 783 525 835 defensandas
541 784 662 852 suscepit
681 802 814 837 consensu
834 785 891 837 eius
910 785 1045 839 electione
1062 787 1126 838 Cleri
1142 807 1164 842 at
1177 793 1237 859 plebis,

196 864 224 907 et
242 853 437 924 approbatione
461 853 654 923 Episcoporum
680 855 855 924 provinciae,
883 857 1000 924 quisque
1025 855 1058 906 ad
1080 856 1238 920 Ecclesiasticus

195 927 314 989 regimen
333 922 437 994 absque
456 923 514 974 ulla
531 924 680 976 venalitate
699 924 811 994 provebi
841 924 938 976 debet:
963 923 1043 995 quia,
1072 927 1136 978 sicut
1156 930 1239 984 boninus

199 993 229 1045 in
248 993 393 1057 Evangelio
412 990 497 1044 dicit:
516 995 566 1064 qui
582 1012 640 1063 raon
656 995 747 1047 intrat
763 1013 815 1065 per
831 998 930 1046 ostium
946 996 978 1045 in
992 997 1062 1047 ovile
1078 998 1164 1058 ovium,
1177 1001 1240 1052 sedas·

195 1061 289 1116 cendit
303 1059 439 1122 aliunde,
458 1062 506 1112 ille
519 1063 569 1128 sur
589 1076 629 1114 est
646 1077 674 1116 et
687 1065 771 1117 latro.
806 1064 1005 1116 Ecclesiasticis
1020 1054 1119 1128 'regulis
1140 1069 1183 1120 sine
1202 1069 1242 1119 diffi-

197 1134 302 1185 cultata
322 1130 481 1184 omnimodis
500 1131 703 1193 debellavere,
721 1134 743 1183 si
761 1152 816 1185 non
834 1136 894 1186 vult
921 1135 1019 1200 Regem
1044 1150 1126 1199 regum
1138 1139 1241 1190 offendas

194 1203 229 1254 Et
247 1203 319 1255 sicut
336 1199 461 1270 Episcopi
481 1217 512 1253 ac
531 1204 587 1252 tter
604 1203 743 1273 providete
762 1204 881 1265 debent,
908 1211 940 1255 ut
958 1203 1059 1254 nullius
1076 1205 1111 1255 rei
1126 1206 1203 1258 intuitu
1215 1211 1242 1260 eli-

194 1281 273 1338 gatur
290 1271 455 1341 Episcopus,
475 1271 527 1322 nisi
546 1274 598 1324 Das
617 1274 700 1324 solius
710 1288 726 1335 ‚1
737 1275 767 1326 id
786 1281 842 1335 est,
862 1289 918 1324 non
937 1272 1094 1341 proaliquo
1115 1291 1199 1328 munere
1217 1279 1242 1328 ds·

194 1343 296 1404 tionis,
315 1358 369 1394 nec
387 1358 434 1410 pro
453 1339 547 1410 aliquo
566 1343 697 1414 obsequio
716 1343 844 1408 linusano,
863 1345 907 1394 vel
925 1343 1121 1412 propinquitate
1137 1348 1243 1412 consangui-

195 1409 306 1476 nitatis,
326 1429 374 1463 seu
393 1409 528 1476 amicitia,
557 1413 601 1464 vel
627 1414 734 1464 servitio
763 1413 923 1482 temporali,
950 1423 999 1466 aut
1025 1413 1112 1480 aliqua
1136 1418 1242 1476 occasione,

196 1500 267 1552 quae
286 1481 421 1534 contraria
439 1496 497 1532 esse
523 1483 608 1552 possit
631 1482 756 1545 veritati,
782 1493 830 1536 aut
855 1482 966 1536 divinae
992 1483 1148 1534 auctoritati:
1169 1486 1197 1536 itt
1212 1487 1240 1537 lies

196 1552 332 1604 custodire
352 1551 453 1612 debet,
473 1549 545 1604 sieut
564 1553 590 1604 S.
611 1553 775 1618 Augustinus
794 1554 977 1613 demonstrat,
1005 1570 1040 1604 ne
1058 1553 1201 1614 muneribus,
1217 1556 1240 1606 sel

195 1621 337 1674 blanditiis
356 1621 517 1690 cuiusquam
535 1623 660 1674 scelerati
679 1623 851 1690 pelliciatur,
871 1631 899 1674 et
918 1621 1116 1674 adulationibus
1132 1623 1240 1692 decipiatur:

193 1709 247 1744 nec
277 1690 489 1763 quibuscunque
522 1693 733 1760 propinquitatis
760 1691 1009 1744 necessitudinibus
1034 1691 1167 1744 coniunctis
1188 1704 1241 1743 contu

196 1763 302 1825 Deum,
323 1771 500 1830 sanctamque
519 1761 668 1814 Ecclesiam
687 1772 771 1832 atque
790 1761 997 1832 liempnblicans
1019 1778 1131 1829 perverse
1153 1762 1243 1826 agentibus

195 1836 294 1884 affectu
314 1832 416 1883 carnali
435 1838 538 1898 parcat,
560 1831 670 1884 dicente
689 1833 738 1884 Dei
757 1833 851 1902 spiritu
870 1847 919 1902 pet
936 1832 1027 1885 David
1042 1831 1188 1901 prophetam:
1200 1832 1244 1880 deu·

196 1920 231 1955 ne
249 1920 311 1964 eos,
339 1905 389 1971 qui
406 1899 527 1952 oderunt
541 1913 568 1952 te
587 1904 659 1952 Deus
675 1901 803 1963 oderam,
823 1916 850 1953 et
868 1919 952 1969 super
968 1901 1092 1953 inimicos
1108 1901 1242 1952 tuostalescr·

195 1973 280 2023 bem?
313 1971 438 2041 Perfecto
454 1969 519 2021 odio
536 1968 648 2024 oderam
666 1973 748 2032 illos,
768 1973 877 2022 inimici
884 1971 964 2040 ¹faceti
979 1985 1044 2022 sunt
1066 1971 1132 2021 mibi.
1163 1970 1242 2018 Inimicus

196 2043 268 2095 enirn
287 2041 338 2092 Dei
356 2040 479 2109 perfecto
505 2041 568 2091 odio
596 2042 683 2093 odisse
712 2051 769 2102 est,
799 2037 839 2091 ad
863 2039 941 2112 quod
956 2041 1032 2110 facti
1054 2053 1113 2091 sunt
1132 2038 1243 2105 diligerent

194 2107 272 2184 quod
276 2112 397 2182 faciunt
414 2113 580 2180 increpare,
599 2130 687 2165 mores
702 2128 852 2182 pravorum
868 2127 1011 2180 premere,
1032 2112 1105 2162 vitae
1115 2107 1215 2179 prodesse.

265 2216 296 2268 Χ.
334 2215 422 2266 Trans
442 2213 524 2266 etiam
542 2215 678 2277 Comites,
699 2223 726 2265 et
744 2213 794 2265 sub
822 2231 850 2264 se
878 2213 985 2266 iudices
1014 2212 1163 2265 constituere
1183 2205 1244 2284 debet,

193 2286 242 2358 qni
262 2284 401 2339 avaritiam
421 2284 543 2346 oderint,
571 2293 599 2337 et
629 2284 761 2336 iustitiam
787 2284 916 2347 diligant:
944 2277 982 2335 et'
998 2282 1047 2334 sub
1072 2281 1117 2332 bac
1140 2278 1245 2354 conditore

194 2374 269 2408 suam
296 2354 557 2405 administrationem
584 2363 729 2423 peragant,
756 2361 783 2404 et
808 2353 858 2404 sub
883 2370 910 2403 se
935 2352 1089 2404 huiusmodi
1113 2345 1244 2424 ministeriales

192 2424 368 2477 substituant.
407 2425 439 2474 Et
458 2423 618 2492 quicunque
637 2427 665 2474 irs
683 2424 755 2485 oanni
775 2423 870 2473 ordine
888 2431 915 2473 et
940 2423 1100 2492 professione
1121 2419 1145 2469 in
1167 2417 1244 2466 domins·

193 2496 270 2548 tione
289 2492 502 2554 constituuntur,
523 2501 551 2554 et
569 2493 677 2544 Domini
696 2493 877 2562 appellantur,
897 2492 969 2544 sicut
987 2494 1012 2544 S.
1032 2489 1163 2560 Cyprianus
1176 2486 1245 2536 inses-

194 2572 224 2616 to
243 2561 380 2614 abusionis
399 2561 482 2625 gradu
500 2562 683 2623 demonstrat,
704 2559 904 2614 dominationis
924 2565 1052 2613 viritatem
1074 2571 1169 2610 auctore
1185 2565 1203 2604 et
1219 2568 1246 2601 cu·

194 2644 341 2703 operatore
354 2631 473 2681 Domino
491 2644 620 2683 teneant:
639 2636 707 2703 quia
723 2633 795 2684 nibil
810 2631 924 2704 profluit
945 2627 1108 2681 dominandi
1127 2626 1202 2678 balare
1217 2637 1247 2698 pt·

194 2715 334 2762 testatem,
355 2701 381 2748 si
396 2701 531 2750 Dominus
546 2703 602 2770 ipse
624 2721 680 2752 non
699 2703 800 2754 babeat
822 2715 849 2751 et
874 2703 993 2752 virtutis
1014 2703 1131 2768 rigorem.
1166 2689 1204 2744 Sed
1218 2691 1246 2767 lue

195 2773 307 2826 virtutis
323 2773 403 2836 rigor
419 2789 476 2820 reon
492 2783 547 2820 tarn
567 2769 903 2840 exteriorisortitudine,
923 2789 997 2840 quac
1020 2772 1050 2819 in
1071 2771 1125 2836 ipsa
1143 2759 1246 2838 sacculari-

195 2844 244 2894 bus
258 2841 386 2893 Dominis
404 2842 562 2890 necessaria
576 2853 628 2901 est,
648 2838 765 2909 indiget,
784 2859 866 2910 quam
884 2841 973 2890 animi
989 2838 1116 2890 interiori
1122 2827 1245 2905 flnrtrudn

195 2913 274 2963 bonis
288 2910 409 2961 moribus
424 2911 549 2960 exerceri
563 2907 657 2962 debet:
678 2929 758 2980 saepe
771 2912 843 2962 enim
859 2907 1085 2978 dorninandi-per
1107 2903 1180 2980 citimi
1189 2897 1228 2964 nsgl
1236 2920 1243 2930 ·

194 2983 317 3050 gentiam
333 2977 631 3049 perditurfhrtitudo:
651 2982 720 3032 Tria
736 2997 801 3049 ergo
817 2981 975 3030 necessaria
990 2979 1038 3028 bos
1055 2977 1103 3047 qui
1120 2971 1243 3042 dominanttt

195 3051 296 3103 habere
313 3062 437 3118 oportet:
456 3063 589 3100 terrorem
606 3051 732 3111 scilicet,
754 3063 781 3101 et
796 3048 1021 3108 ordinationem,
1042 3060 1068 3098 et
1081 3058 1186 3096 amorem.
1206 3034 1241 3086 dut

195 3123 268 3173 enim
286 3132 395 3172 ametur
404 3120 539 3170 Dominus
551 3121 661 3186 pariter
675 3134 702 3172 et
717 3117 871 3178 meiuatur,
891 3115 1035 3169 ordinatio
1053 3116 1151 3165 minime
1163 3116 1244 3187 canstat

195 3191 276 3241 illius
287 3201 382 3259 potest.
405 3190 461 3240 Per
476 3187 611 3260 herrestein
630 3207 694 3258 erga
710 3203 737 3240 et
751 3189 944 3260 affabilitatem
959 3198 1089 3256 procuret
1102 3195 1130 3232 stt
1144 3176 1245 3242 diligatur,

195 3272 224 3312 et
233 3277 285 3329 per
296 3263 384 3310 iustas
398 3256 558 3320 vindictas,
579 3277 635 3308 nors
645 3261 777 3329 propriae
795 3259 940 3317 iniuriae,
959 3255 1010 3306 sed
1022 3255 1088 3323 legis
1101 3251 1148 3304 Dei
1152 3289 1164 3330 ,
1176 3239 1246 3294 studeat

196 3342 227 3380 ut
239 3342 384 3381 metuatur.
421 3327 571 3397 Propterea
590 3345 717 3399 quoque,
737 3327 798 3380 dum
815 3327 895 3377 multi
906 3324 1028 3395 pendent
1041 3326 1069 3373 in
1091 3339 1136 3381 eo,
1153 3331 1195 3386 ipse
1212 3310 1246 3360 ltro

196 3397 351 3449 adhaerere
372 3395 469 3458 debet,
489 3400 539 3468 qui
556 3399 634 3449 illum
654 3401 683 3448 in
699 3397 828 3450 ducatum
847 3397 1009 3456 constituit,
1037 3392 1084 3462 qui
1104 3388 1138 3441 ad
1150 3372 1246 3465 Firmi.

196 3468 345 3518 multorum
364 3485 450 3517 onera
467 3469 554 3535 ipsum
572 3469 657 3520 ueluti
665 3469 817 3536 fortiorem
834 3464 975 3516 solidavit.
1012 3461 1130 3516 Pacilius
1145 3470 1202 3529 enim
1214 3461 1245 3497 ΜΩ

197 3536 513 3606 benefhrtefirmetur,
533 3549 560 3588 et
581 3538 671 3588 alicui
681 3538 804 3606 fisrtiori
827 3534 995 3595 adbaerent,
1023 3548 1096 3584 omne
1115 3521 1179 3599 qttod
1194 3536 1215 3568 sn
1228 3529 1245 3563 et

194 3605 308 3679 pendet,
329 3609 383 3658 cito
400 3605 519 3664 labitur,
539 3619 567 3657 et
588 3608 644 3676 ipse
663 3608 768 3658 solutus
783 3625 800 3657 a
817 3607 911 3674 rigore
926 3599 1141 3674 suae'firmitntis
1155 3599 1245 3674 “fmms

195 3677 274 3731 ribus
291 3674 330 3727 ad
344 3688 446 3726 terram
467 3674 614 3728 delabitur.
651 3677 696 3728 Sic
712 3689 738 3727 et
753 3677 884 3745 Princeps
901 3676 958 3726 nisi
979 3690 1028 3724 suo
1054 3665 1174 3722 conditori
1185 3665 1244 3740 'ptri‘

196 3749 309 3799 nauiter
326 3744 503 3805 adbaeserit,
522 3759 549 3796 et
564 3748 639 3814 ipse,
659 3760 686 3797 et
699 3764 776 3798 omne
795 3744 872 3816 qrsod
889 3745 1029 3811 continet,
1048 3741 1098 3791 cito
1113 3734 1202 3802 deperit.
1224 3719 1245 3801 dl

193 3818 284 3878 sciet,
305 3813 383 3886 quod
393 3817 465 3866 sicut
483 3815 514 3864 in
527 3817 689 3884 principatu
706 3816 845 3866 bominum
864 3815 968 3884 primus
992 3810 1143 3864 constitutus
1155 3810 1204 3882 etl,
1221 3801 1244 3839 ‘P

196 3903 375 3960 quoscunque
391 3898 550 3952 peccatores
566 3883 614 3934 sub
627 3903 654 3935 se
673 3887 703 3936 in
718 3886 860 3953 praesenti
874 3884 984 3941 babuit,
1002 3881 1059 3931 nisi
1068 3895 1094 3928 sc
1112 3886 1134 3925 et
1150 3869 1244 3948 illator*

197 3958 325 4017 rexerit,
344 3973 429 4025 supra
444 3973 472 4006 se
490 3952 569 4006 modo
585 3955 759 4023 implacabili
775 3956 806 4005 in
823 3954 875 4006 illa
885 3955 989 4023 statura
1002 3965 1088 4020 poena
1100 3939 1195 3996 teleta

266 4059 314 4113 xl.
351 4059 382 4110 Iu
400 4057 552 4110 memoratis
570 4073 690 4125 namque
706 4057 784 4122 gestis
803 4055 876 4124 apud
901 4047 1094 4130 Martyrum&
1117 4043 1211 4096 Macracs
1228 4032 1244 4143 εξ

197 4130 233 4182 de
250 4127 311 4190 his,
331 4143 403 4198 quae
428 4127 462 4178 ad
487 4134 598 4180 sanctae
623 4126 780 4189 Ecclesiae,
809 4141 841 4177 ac
865 4132 998 4177 rectorum
1018 4121 1095 4190 ipsuis
1116 4113 1237 4164 honorent

196 4201 332 4266 vigorem,
354 4197 435 4252 etde
454 4197 585 4268 hisquae
604 4197 638 4248 ad
658 4195 734 4264 Regis
761 4202 790 4248 et
815 4195 898 4260 Regni
924 4193 1081 4246 soliditatem
1101 4193 1172 4257 atque
1186 4181 1241 4224 curra

195 4269 352 4340 pertineam
373 4285 424 4321 nce
442 4285 499 4334 non
518 4275 546 4320 et
564 4267 598 4320 de
614 4267 711 4322 domus
730 4265 818 4336 regiae
837 4265 1011 4338 dispositione
1035 4276 1067 4314 ea
1086 4249 1240 4309 catholicum,
