2676 4976
468 277 748 334 conuersus-:uses
1099 261 1171 335 ort

461 420 577 505 Incipit
605 417 779 480 mundatus.

164 552 279 617 XLVll.
317 545 644 630 Domiuo'magnilico
667 546 726 606 illo
746 546 807 612 illi.
848 548 949 632 Rogo,
971 571 1079 634 preco,
1101 575 1174 638 sup.
1230 555 1233 564 “

114 641 274 718 liceatque
295 635 430 714 iniungo
459 653 517 715 per
544 630 632 689 hunc
657 630 840 690 mandatum
871 637 910 693 ad
936 633 1039 694 vicem
1071 658 1172 696 meam

94 665 245 796 lominum,
265 737 378 778 nomeu
402 717 471 792 illo,
494 735 592 796 quem
613 733 671 794 ego
689 713 889 772 beneficium
908 715 935 774 ei
964 717 1039 794 feci,
1062 740 1173 800 argen-

97 815 127 866 to
150 804 243 863 uncias
266 809 385 876 tantas,
413 799 517 880 ipsum
541 816 647 854 meum
677 793 733 852 ubi
760 805 792 856 et
822 796 895 868 ubi,
930 819 981 858 eus
1009 800 1059 860 vel
1088 823 1173 861 meas

96 905 260 971 prosequere
282 892 315 942 et
340 881 512 942 admallare
535 886 567 938 et
587 877 757 938 adcausare
782 877 897 955 iacias,
920 883 1080 960 quomodo
1105 884 1174 964 ipso

99 969 188 1032 debite
205 965 342 1046 recipere
366 964 486 1024 facias:
519 971 550 1021 et
571 959 728 1039 quicquid
745 959 784 1018 ad
805 961 908 1020 vicem
930 984 1032 1022 meam
1054 965 1171 1026 exinde

97 1053 183 1111 faeere
206 1047 354 1124 volueris,
378 1046 492 1127 egeris,
513 1041 650 1118 feceris,
681 1041 869 1121 gesserisve,
893 1045 1012 1104 etenim
1039 1068 1088 1108 me
1115 1047 1175 1105 hn-

95 1134 211 1195 biturum
231 1151 296 1191 esse
326 1149 486 1209 cognosce
518 1135 631 1190 ratum.
674 1125 859 1190 Mandatum
885 1125 1066 1192 Andecavis
1095 1129 1174 1192 civi·

92 1223 151 1292 tate,
170 1213 251 1274 curia
270 1211 414 1294 publica.

136 1343 244 1428 Incipit
270 1347 383 1406 oberto
410 1341 450 1404 de
482 1341 737 1440 sanguinolento,
765 1364 855 1428 quem
882 1344 922 1406 de
947 1350 1112 1411 matricula

564 1447 690 1509 suscipe.
1026 1455 1029 1462 Α

150 1541 296 1609 XLVIII.
340 1545 423 1605 Cum
435 1543 468 1602 in
484 1541 544 1603 Dei
559 1562 675 1600 nomen
693 1562 750 1624 nos
762 1563 838 1603 vero
852 1542 969 1619 fratris,
986 1545 1040 1626 qui
1057 1546 1094 1605 ad
1110 1568 1173 1605 ma-

79 1625 178 1688 trIcola
203 1628 304 1698 suncti
333 1627 421 1686 illius
451 1626 593 1686 residere
622 1624 788 1701 videmur,
818 1647 898 1705 quos
927 1626 1017 1687 nobis
1052 1629 1170 1688 ibidem

79 1709 266 1789 omnipotens
288 1713 378 1769 Deus
400 1709 439 1768 de
457 1707 583 1768 conlata
602 1705 857 1767 Christianorum
879 1729 1008 1790 pascere
1031 1711 1170 1786 videtur,

78 1790 241 1851 invenimus
269 1791 392 1850 ibidem
409 1791 569 1850 infantulo
594 1790 853 1870 sanguinolento,
876 1791 927 1850 cui
952 1790 1055 1851 adhuc
1081 1813 1171 1852 vocu-

76 1874 176 1936 bulum
196 1895 260 1932 non
288 1873 435 1949 habetur,
467 1881 499 1932 et
522 1873 561 1932 de
584 1881 701 1932 cuncto
723 1873 844 1954 populo
867 1884 1013 1954 parentes
1037 1874 1105 1936 eius
1123 1875 1171 1931 in-

75 1955 173 2016 venire
195 1977 258 2015 non
282 1957 457 2038 potuimus.
499 1953 577 2014 ldeo
604 1955 756 2014 convenit
774 1955 865 2015 nobis
884 1955 1078 2015 unanimiter
1095 1978 1170 2021 con·

76 2037 246 2114 sentientes,
269 2047 304 2098 et
325 2060 383 2120 per
404 2037 603 2100 voluntatem
624 2034 844 2119 marthyrariO,
868 2059 983 2096 nomeu
1004 2035 1061 2097 illo
1080 2040 1170 2098 Pres-

75 2119 191 2200 bytero,
214 2129 250 2180 ut
267 2121 339 2203 ipso
359 2120 518 2180 infantulo
543 2117 583 2178 ad
599 2116 728 2178 homine
748 2140 863 2178 nomen
892 2119 949 2178 illo
969 2121 1167 2180 venumdare

76 2202 279 2280 deberemus„
297 2202 386 2283 quod
407 2204 502 2262 itaet
529 2201 675 2279 fecimus,
698 2209 730 2260 et
752 2201 932 2282 accepimus
950 2224 1008 2284 pro
1033 2204 1113 2284 ipso,
1130 2202 1169 2261 si·

76 2286 222 2367 eutapud
254 2307 315 2345 nos
349 2284 548 2346 consuetudo
577 2293 641 2361 est,
676 2291 801 2342 treanto
834 2305 918 2360 uno,
948 2305 1022 2345 cum
1058 2293 1167 2345 nostro

74 2377 156 2449 pacto
178 2377 209 2429 et
232 2367 382 2427 iutimare
409 2367 600 2450 rogavimus.
642 2365 675 2425 si
705 2366 841 2446 nosipsi
860 2375 915 2424 aut
937 2368 1090 2428 domenus
1113 2367 1166 2427 vel

74 2451 201 2530 parentis
221 2451 306 2521 eius,
329 2450 385 2532 qui
405 2457 516 2510 contra
538 2449 647 2510 charta
674 2447 716 2506 ita
734 2449 845 2510 venire
873 2450 1022 2525 voluerit,
1045 2451 1077 2510 in
1098 2450 1166 2532 pri-

75 2533 158 2594 mitus
179 2532 327 2594 Christus
350 2532 434 2592 filius
457 2533 517 2592 Dei
535 2531 602 2593 vivi
625 2530 803 2608 terribilem
828 2541 859 2591 et
879 2533 1106 2610 metuendum,
1130 2539 1167 2590 ut

75 2635 130 2674 nou
151 2615 190 2677 sit
211 2616 251 2674 ad
278 2615 443 2696 gaudium,
465 2614 521 2674 sed
543 2614 582 2673 ad
607 2612 675 2673 eius
695 2613 922 2674 detrimentum
943 2617 1029 2697 quod
1057 2615 1086 2678 ei
1113 2614 1166 2676 iu.-

76 2698 162 2757 eutiat
188 2699 417 2778 sempiternam
440 2717 587 2778 poenam;
610 2705 642 2756 et
667 2696 752 2777 quod
773 2697 891 2777 repetit
911 2697 1076 2760 vindicare
1099 2717 1164 2758 uon

72 2781 178 2859 valeat,
200 2781 334 2842 ethaeo
355 2779 438 2839 fucta
460 2789 567 2839 nostra
590 2778 677 2838 omni
699 2788 840 2860 ternpore
866 2779 954 2839 firma
973 2787 1166 2864 permaneat,

306 2931 307 2936 ¹
345 2912 464 2994 Incipit
484 2909 618 2970 indicias
641 2909 681 2968 de
702 2908 902 2976 borizicidio.·

146 3023 269 3092 XLIX.
313 3024 458 3086 Veniens
487 3025 536 3084 illi
559 3035 592 3085 et
615 3045 781 3106 germanos
805 3045 877 3084 suos
908 3025 958 3083 illi
989 3023 1167 3089 Andecavis

76 3107 205 3186 civitate,
227 3117 304 3168 ante
329 3107 398 3168 viro
422 3107 558 3168 inluster
583 3106 640 3166 illo
662 3107 785 3166 Comite
807 3107 860 3166 vel
888 3107 1022 3187 reliquis
1051 3105 1166 3166 racim-

75 3190 174 3252 burdis
194 3191 256 3275 qui
286 3212 359 3250 cum
380 3211 419 3250 eo
440 3191 581 3265 aderant,
605 3210 741 3269 quorum
765 3187 894 3249 uomina
918 3210 977 3269 per
1005 3189 1169 3271 subscrip.

76 3273 205 3334 tionibus
227 3282 324 3354 atque
353 3271 512 3354 signacula
531 3272 640 3332 subter
660 3280 814 3334 tenentur
835 3271 964 3347 inserta,
986 3271 1171 3352 interpella-

75 3353 123 3416 bat
141 3357 251 3438 aliquo
269 3355 421 3430 homine,
449 3375 565 3414 nomen
584 3353 653 3430 illo,
676 3354 801 3414 dicebat
827 3354 918 3434 quasi
940 3363 1012 3414 ante
1035 3353 1091 3414 bos
1115 3377 1170 3415 an·

77 3458 130 3498 uus
149 3438 294 3520 parentis
317 3435 423 3498 eoram
451 3437 509 3498 illo
538 3436 698 3518 quomodo
721 3437 943 3498 interfecisset.
986 3437 1170 3518 Interroga-

77 3526 139 3578 tum
157 3530 204 3582 est
231 3541 324 3602 saepe
346 3520 431 3580 dicto
453 3520 535 3595 illo,
564 3517 643 3600 quid
669 3519 708 3578 ad
731 3518 788 3579 hac
813 3527 904 3580 cause
932 3519 1022 3580 daret
1045 3519 1078 3578 in
1100 3543 1169 3581 res·

76 3602 186 3683 ponsis.
216 3603 275 3664 sed
293 3603 356 3662 hoe
386 3603 426 3662 ad
456 3602 580 3684 integra
609 3601 736 3661 fortiter
772 3602 956 3684 denegabat.
999 3602 1051 3662 sic
1079 3601 1170 3666 iuxta

79 3685 266 3746 notificantes
290 3706 382 3767 saepe
406 3683 498 3746 dictis
521 3683 677 3766 germanis
701 3683 803 3746 visum
829 3695 875 3746 est
900 3687 940 3746 ad
961 3684 1037 3767 ipsis
1065 3707 1171 3768 perso·

79 3786 130 3826 nas
155 3766 335 3829 decrevisse
358 3767 502 3843 iudicio,
525 3774 561 3825 ut
585 3776 734 3850 quatrum
758 3767 791 3830 in
817 3789 910 3828 suum
942 3768 1030 3850 quod
1062 3769 1173 3830 evenit

79 3847 142 3928 ipso
159 3849 322 3912 Kalendas
343 3849 434 3925 illas,
456 3847 541 3931 apud
563 3847 708 3908 homines
728 3849 800 3915 Xll.
817 3871 910 3928 mano
932 3872 988 3910 sua
1007 3848 1100 3910 Xlll.
1120 3851 1171 3910 vi-

81 3931 165 3992 cinus
180 3934 264 3993 eirca
282 3941 447 3992 manentes
463 3931 538 4012 sibi:
561 3930 610 3992 sin
633 3930 748 3992 melius
763 3931 796 3990 in
817 3931 953 3992 eeclesia
965 3931 1092 3992 seniore
1108 3931 1174 3994 loci

81 4011 193 4095 inipso
214 4013 344 4076 civitate
364 4013 426 4074 hoe
447 4013 554 4074 debiat
575 4014 762 4089 coniurare,
785 4015 871 4092 quod
897 4013 937 4073 ad
955 4022 1056 4073 morte
1079 4037 1173 4097 saepe

81 4093 163 4157 dicto
178 4117 353 4178 numquam
377 4097 603 4173 consentisset,
626 4117 687 4167 nec
707 4117 781 4155 eum
795 4094 998 4171 occessisset,
1019 4116 1080 4158 nec
1095 4115 1176 4159 cou-

80 4177 198 4254 niens,
221 4200 281 4246 nec
300 4180 526 4245 consentanius
549 4180 589 4244 ud
610 4179 674 4247 hoc
697 4177 880 4246 faciendum
901 4199 1075 4267 numquam
1093 4181 1177 4258 luis·
