2734 4990
518 313 777 372 nonrmsoou
1138 293 1214 368 tas
1261 309 1267 323 ³
1306 315 1312 329 ·

93 457 190 518 riem
211 454 441 538 scripturarum
465 454 641 518 chartulam
658 452 844 525 relationis,
868 473 950 532 qnae
973 450 1093 514 dicitnr
1118 471 1215 533 apen·

96 540 170 618 nis,
191 539 336 622 recipiat.
376 541 591 618 Quamobrem
614 560 689 600 cnm
703 537 841 619 quadam
865 536 917 598 die
937 535 1081 598 inlustris
1097 535 1213 597 Comes

98 623 168 684 ille
193 631 254 687 ete.
296 635 329 681 ut
348 643 443 706 supra
462 643 534 705 pag.
562 617 632 685 566.

130 747 334 834 Corfirmatio
356 749 473 808 civium
495 749 528 805 io
552 768 588 806 eo
613 748 669 827 qui
687 747 727 807 ab
750 746 889 806 hostibus
914 757 961 805 est
982 744 1192 832 depraedatus

430 830 478 890 vel
503 831 544 890 ab
575 831 644 908 igne
673 841 896 890 concrematus.

191 946 294 1012 CVII.
338 935 581 1008 Consuetudine
603 945 699 1005 huius
721 944 783 1004 loci
805 945 858 1005 vel
880 944 975 1004 etiam
996 943 1089 1025 Legis
1110 953 1216 1004 terre-

107 1053 170 1094 nae
190 1025 312 1093 iustitia
342 1037 466 1089 constat
494 1049 560 1088 esse
587 1037 790 1108 prospectum
818 1035 854 1085 ut
881 1027 1070 1108 quicunque
1100 1026 1139 1088 ab
1162 1027 1214 1087 in-

105 1114 232 1177 cendiis
254 1112 305 1175 vel
331 1111 477 1172 hostibus
493 1132 556 1182 ¹seu
583 1112 599 1170 i
625 1109 802 1173 latronibus
822 1130 989 1194 perpessus
1012 1118 1060 1171 est
1080 1113 1213 1194 dispen-

104 1199 196 1260 dium
217 1205 277 1263 eto.
299 1207 334 1256 ut
355 1215 452 1279 supro
471 1213 544 1280 pag.
573 1193 644 1256 588.
747 1257 751 1264 ,

559 1323 633 1387 Alio
655 1324 759 1396 modo,

169 1442 314 1507 ,cvltt
357 1441 601 1523 Suggerendnm
624 1442 762 1502 Domino
791 1437 933 1522 piissimo
955 1446 989 1500 et
1011 1442 1215 1524 praecellen-

103 1527 229 1592 tissimo
246 1525 304 1586 illi'
320 1523 459 1605 glorioso
480 1523 575 1605 Regi,
598 1545 654 1584 nos
681 1525 859 1588 servientes
880 1522 977 1584 vestri
1004 1545 1156 1606 pagenses
1177 1525 1216 1586 il·

106 1611 186 1686 lius,
208 1607 298 1690 quod
325 1605 484 1666 veraciter
514 1607 739 1686 cognovimus,
773 1603 862 1667 vobis
890 1603 1091 1668 innotescere
1120 1629 1216 1692 prae·

110 1691 314 1774 sumpsimus.
356 1691 458 1748 Homo
485 1688 598 1770 aliquis
619 1711 703 1754 nom.
733 1689 791 1766 ill,
822 1687 914 1748 nobis
943 1687 1027 1748 dixit
1057 1711 1096 1752 eo
1126 1691 1215 1773 qnod

113 1797 184 1836 casa
207 1794 263 1832 sua
286 1771 337 1832 vel
368 1769 577 1830 iustrumenta
607 1794 662 1832 sna
688 1771 881 1846 chartarum,
912 1779 976 1830 tam
1007 1771 1216 1854 venditionis,

114 1853 286 1929 cautionis,
309 1853 563 1928 obnoxiationis,
587 1853 717 1931 indicii,
741 1852 912 1929 cessionis,
941 1853 993 1914 uel
1023 1852 1216 1936 donationis,

110 1960 171 2001 seu
193 1947 225 1998 et
250 1936 375 2016 reliqua
391 1945 565 1997 strumenta
588 1935 767 2007 chartarum
789 1937 827 1998 ab
850 1936 923 2016 igne
941 1935 1062 1998 ibidem
1083 1957 1217 2000 cremas-

109 2029 194 2096 sent,
216 2018 303 2100 quod
325 2026 357 2078 et
378 2018 480 2081 ludex
502 2019 674 2080 veluicini
695 2015 847 2102 pagenses
869 2017 968 2100 ipsius
990 2019 1096 2081 taliter
1124 2021 1216 2085 nobis

109 2105 266 2164 dixerunt
296 2101 349 2162 uel
371 2099 673 2164 testimoniaverunt
692 2105 778 2185 qnod
804 2104 845 2164 ad
870 2099 933 2162 boc
955 2101 1132 2164 videndum
1158 2125 1215 2166 ac·

100 2193 291 2260 cesserant,
322 2193 354 2246 et
383 2185 429 2245 sic
452 2205 536 2264 ‚uero
558 2193 664 2262 actum
692 2197 768 2248 erat.
809 2183 950 2248 Proinde
977 2183 1065 2266 quod
1094 2185 1213 2249 exinde

107 2269 330 2348 cognovimus,
363 2268 454 2329 vobis
484 2265 697 2334 innotuimus.
736 2267 895 2343 Domine,
923 2277 1070 2330 nostrum
1097 2279 1145 2332 est
1174 2269 1215 2330 ad

105 2351 364 2432 suggerendum,
390 2358 530 2412 vestrum
552 2358 600 2412 est
627 2349 667 2413 ad
699 2351 912 2416 ordinandum
934 2349 1014 2433 quid
1034 2350 1102 2436 ipse
1124 2351 1215 2423 exin,-

105 2433 146 2494 de
169 2455 263 2516 agere
286 2433 408 2499 debeat.
923 2477 926 2482 -

238 2565 394 2644 Prologus
413 2562 453 2622 de
473 2563 590 2626 iudicio
611 2565 703 2644 Regis
730 2563 788 2625 ubi·
811 2562 874 2626 duo
898 2575 1075 2626 causantur.

188 2678 270 2740 clx.
314 2677 376 2738 Cui
404 2679 563 2740 Dominus
592 2679 727 2762 regendi
757 2700 866 2741 curam
886 2679 1079 2756 committit,
1111 2699 1213 2741 eunc-

105 2771 211 2827 torum
234 2760 337 2844 iurgia
358 2760 508 2842 diligenti
530 2761 762 2842 examinatione
783 2763 892 2823 rimari
911 2771 1047 2846 oportet,
1069 2771 1106 2822 nt
1124 2762 1215 2824 iuxta

132 2843 343 2924 repositiones
369 2847 420 2904 uel
450 2845 674 2926 responsiones
706 2845 813 2928 aliqua
837 2846 927 2911 ,inter
949 2845 1141 2906 alterutrum
1167 2868 1215 2910 sa·

106 2867 214 2986 lubrie
240 2927 377 2987 donetur
396 2929 556 2988 sententia
576 2939 635 2993 etc.
657 2941 691 2988 ut
712 2949 807 3013 supro
824 2949 897 3010 pag.
922 2927 994 2988 302.

272 3046 274 3050 ¹
385 3055 658 3148 Commonitorium
680 3055 725 3116 ad
743 3055 942 3139 Episcopum.

193 3168 263 3230 ct.
305 3170 440 3230 Domino
462 3181 571 3232 sancto
593 3183 626 3234 et
646 3171 820 3254 apostoliea
840 3168 914 3230 sede
937 3169 1213 3230 colendoDomno

107 3261 139 3313 et
163 3252 196 3311 in
220 3253 348 3314 Christo
369 3254 449 3334 patri
470 3253 520 3316 illi
540 3254 699 3337 Episcopo
721 3256 778 3316 ille
799 3255 879 3322 Rex,
919 3253 989 3314 Deo
1009 3249 1214 3337 propitio,fi·

107 3335 190 3398 delis
213 3347 321 3398 noster
341 3336 397 3398 ille
420 3347 479 3400 etc.
501 3350 534 3398 ut
555 3359 652 3422 supro
669 3359 742 3421 pag.
768 3338 837 3419 307.

467 3473 630 3534 Indiculus
652 3473 698 3533 od
716 3475 838 3539 laicum.

189 3584 276 3648 cxl.
318 3587 379 3648 llle
400 3591 470 3650 Rex
481 3588 535 3650 'vir
556 3590 693 3649 inluster
713 3588 772 3656 illi,
814 3587 936 3652 Fidelis
958 3599 1069 3652 noster
1089 3589 1146 3651 ille
1171 3589 1213 3652 ad

104 3671 316 3751 praesentiam
338 3682 479 3732 nostram
502 3672 636 3732 veniens
659 3671 750 3732 nohis
770 3674 926 3754 suggessit
941 3673 1031 3754 quasi
1054 3694 1110 3734 vos
1125 3694 1212 3751 eum,

107 3752 201 3811 nulla
214 3764 368 3814 manente·
382 3777 476 3815 cause
490 3753 524 3814 iu
545 3754 598 3816 via
613 3754 826 3831 adsallissetis,
852 3765 910 3818 etc.
933 3769 967 3816 ut
980 3776 1075 3838 supro
1084 3777 1117 3840 p.
1139 3755 1213 3818 503.

225 3864 390 3949 lhda'eulus
413 3889 458 3949 od
476 3889 666 3974 Episcopum
690 3912 751 3974 pro
775 3891 838 3952 alio
861 3890 1089 3972 distringendo.

191 4002 288 4064 CXlI.
330 4004 470 4063 Domino
491 4016 599 4065 sancto
633 4014 665 4064 et
694 4000 869 4084 apostolico
903 4008 1031 4067 Domno
1066 4015 1100 4068 et
1127 3996 1212 4090 patri

105 4083 157 4143 illi
171 4087 330 4168 Episcopo
351 4086 406 4144 ille
421 4087 508 4146 Rex.
531 4086 674 4148 Veniens
697 4085 753 4146 ille
776 4087 815 4146 ad
836 4089 1050 4168 praesentiam
1072 4100 1215 4153 nostram

106 4171 261 4249 suggessit
291 4168 381 4250 quasi
409 4167 499 4231 Abba
529 4180 636 4234 vester
656 4179 719 4230 aut
750 4168 922 4248 Clericus,
959 4180 1021 4238 etc.
1041 4185 1088 4235 ut
1116 4182 1213 4259 supra

104 4263 175 4340 pag.
206 4253 275 4312 5⁰2.
294 4285 296 4290 ·
