2676 4976
182 334 255 407 506
639 355 829 412 rouuuuae

586 499 704 581 Incipit
734 497 887 560 vindicio,

265 623 356 692 XIX.
397 629 525 690 Domno
552 626 631 688 mihi
652 651 778 710 semper
798 630 856 690 illo
878 629 937 696 illi.
979 624 1022 692 Et
1046 653 1104 714 pro
1122 629 1263 695 necessita'

180 712 222 773 tis
242 719 423 791 temporum
445 721 476 771 et
500 709 567 771 vidi
591 712 817 794 compendium
845 714 939 773 etiam
960 715 1110 777 sterilitas
1127 725 1158 776 et
1178 715 1263 796 inopia

125 833 130 844 ι
180 791 379 876 praecinxit,
409 802 445 852 ut
470 792 501 851 in
525 792 620 853 aliter
640 803 820 875 transagere
844 817 906 855 non
927 819 1075 878 possum,
1098 797 1157 857 nisi
1177 809 1209 857 ut
1224 801 1261 857 in·

181 887 308 958 tegrum
330 883 445 934 statum
464 896 570 934 meum
600 876 632 934 in
652 885 792 936 vestrum
820 878 946 938 debiam
966 880 1137 961 implecare
1159 881 1262 940 serviti·

181 980 246 1022 um.
285 959 371 1038 Ergo
393 966 516 1018 constat
537 979 587 1019 me
611 958 703 1018 nullo
727 969 862 1040 cogente
885 961 1032 1044 imperio,
1062 962 1118 1022 sed
1137 963 1262 1043 plenissi-

180 1063 233 1099 ma
257 1039 422 1100 voluntate
444 1061 524 1117 mea,
548 1050 580 1101 et
602 1041 703 1123 accipi
728 1042 745 1100 a
767 1041 856 1103 vohis
883 1066 941 1125 pro
962 1044 1204 1125 suprascriptum
1219 1054 1263 1104 sta·

181 1133 251 1183 tum
277 1144 393 1198 meum,
415 1121 478 1184 hoc
502 1132 549 1182 est
567 1123 600 1182 in
630 1124 716 1203 quod
739 1124 816 1183 milri
845 1127 1058 1206 complacuit,
1082 1127 1114 1185 in
1139 1147 1207 1186 auro
1224 1149 1262 1184 va-

183 1207 272 1266 lente
295 1205 423 1265 soledus
449 1213 577 1280 tantus,
609 1215 645 1264 ut
671 1206 827 1288 quicquid
849 1206 887 1266 ab
909 1209 1108 1270 hodiernum
1135 1208 1260 1267 diemde

180 1288 370 1367 memetipso
391 1288 498 1348 facere
528 1288 687 1365 volueris,
718 1289 801 1349 sicut
826 1298 858 1347 et
886 1291 925 1350 de
949 1292 1079 1372 leliqua
1106 1290 1260 1362 vestraob·

181 1369 289 1442 noxia,
311 1371 343 1429 in
367 1371 516 1430 omnibus
536 1373 605 1430 Deo
624 1372 768 1451 praesule
794 1371 937 1434 habeatis
961 1375 1147 1434 facultatem
1167 1371 1260 1432 facien·

181 1453 224 1520 di.
267 1453 302 1514 si
326 1453 496 1534 quievero
521 1462 574 1512 aut
605 1474 663 1534 ego
688 1452 760 1536 ipsi,
785 1464 843 1514 etc.
866 1467 899 1514 ut
926 1477 1029 1532 supro.

416 1583 535 1666 Incipit
555 1583 728 1660 ingena-'as
750 1583 769 1640 ἱι
791 1582 843 1642 die
860 1597 1037 1667 praesente.

262 1699 333 1763 XX.
374 1697 413 1758 ln
436 1695 498 1769 Dei
525 1717 641 1755 nomen
667 1695 736 1772 ille,
764 1695 976 1756 delectissimo
999 1706 1110 1758 nostro
1137 1697 1197 1758 illo.
1215 1697 1259 1757 llo·

179 1782 263 1843 verit
289 1781 348 1841 iste
364 1790 429 1862 ‘pro
452 1777 631 1839 divinitatis
657 1778 778 1838 intuitu
801 1788 832 1840 et
854 1779 977 1838 animae
1001 1801 1091 1840 meae
1111 1779 1259 1840 remedium

180 1866 232 1924 vel
263 1874 394 1923 aeterna
418 1861 631 1922 retributione
654 1870 724 1938 tua,
758 1871 890 1921 eatenus
918 1863 935 1921 al
967 1862 1019 1921 die
1043 1871 1200 1944 praesente
1225 1861 1259 1918 iu·

181 1968 323 2025 genuum
344 1965 412 2004 esse
435 1944 660 2026 praecipimus,
682 1952 842 2025 tamquam
862 1943 900 2004 ab
924 1945 1076 2026 ingenuis
1101 1944 1257 2026 parentibus

178 2029 293 2088 suisset
312 2036 519 2110 procreatus,
550 2034 582 2084 et
610 2027 731 2087 nullius
754 2027 812 2086 tibi
835 2027 991 2088 heredum
1010 2049 1048 2088 ac
1071 2026 1258 2110 proheredum

179 2132 326 2172 meorum
353 2131 413 2170 nec
433 2107 626 2185 servicium,
653 2133 714 2170 nec
740 2111 845 2169 ullum
864 2110 1055 2191 obsequium
1081 2112 1161 2170 ultra
1181 2108 1256 2168 dehe-

178 2215 215 2254 re
242 2214 427 2274 cognusces,
448 2192 504 2252 sed
531 2193 636 2272 potius
664 2215 717 2252 aso
749 2192 938 2252 defensione
966 2204 1113 2254 sanctum
1137 2191 1214 2250 illins
1231 2189 1255 2246 in

179 2277 304 2352 integra
330 2277 434 2336 valeas
461 2273 595 2333 residire
618 2275 810 2358 ingenuitas.
851 2275 919 2335 Etsi
940 2275 1041 2334 fuerit
1067 2297 1148 2335 unus
1167 2273 1201 2332 de
1216 2272 1255 2330 he-

179 2357 311 2416 redibas
322 2358 411 2432 meis,
433 2356 486 2418 rel
505 2357 649 2436 qualibet
665 2369 816 2418 extranea
836 2378 982 2438 persona,
1006 2359 1063 2438 qui
1079 2353 1254 2418 contraham

179 2439 426 2519 ingenuitatem,
450 2459 546 2518 quem
567 2460 625 2520 ego
648 2440 731 2499 bona
750 2439 916 2500 voluntate
942 2438 1010 2498 fieri
1031 2439 1148 2521 rogavi,
1168 2435 1255 2497 venire

179 2531 235 2581 ant
260 2524 413 2582 resultare
440 2523 711 2602 praesumpserit,
749 2521 782 2580 in
810 2520 955 2602 primitus
980 2523 1043 2582 Dei
1066 2525 1197 2582 incurrat
1218 2517 1255 2574 iu·
1310 2567 1311 2570 ,

181 2603 324 2679 dicium,
354 2612 387 2662 et
411 2603 450 2663 de
472 2614 653 2662 sauctorum
675 2606 744 2664 loca
773 2605 931 2664 alliciatur
957 2614 1145 2680 extraneus,
1172 2610 1198 2660 et
1217 2599 1254 2656 in-

180 2708 277 2766 super
300 2687 400 2744 mnlta
428 2686 507 2765 legis
530 2688 680 2745 damnum
700 2688 844 2746 incurrat
862 2685 931 2744 auri
966 2687 1049 2746 libra
1073 2709 1145 2762 una,
1170 2701 1254 2761 argen-

180 2777 213 2826 to
240 2769 348 2848 pondo
371 2777 515 2837 tantum;
550 2779 581 2828 et
609 2769 695 2848 quod
724 2770 843 2850 repetit
873 2769 1038 2828 vindicare
1066 2791 1129 2828 nou
1154 2764 1253 2834 valeat,

180 2861 211 2911 et
226 2849 306 2912 llaec
328 2851 511 2933 ingenuitas
532 2851 669 2934 perenni
690 2860 833 2933 tempore
860 2852 950 2910 firma
974 2851 1158 2933 permaniat.

588 2987 705 3070 Incipit
728 2984 874 3046 vindicio.
909 2995 913 3002 '

197 3121 202 3132 ·
262 3100 348 3161 XXl.
388 3099 458 3180 Ego
480 3097 567 3158 enim
582 3099 642 3158 illi.
677 3097 870 3160 Constatme
890 3097 1079 3159 vendedisse
1100 3105 1129 3156 et
1151 3094 1186 3152 ita
1202 3088 1253 3150 rin·

181 3183 255 3244 dedi
278 3184 317 3242 ad
339 3182 397 3242 illo
425 3183 584 3261 campello
605 3182 730 3240 ferente
756 3183 881 3242 modius
910 3190 1034 3256 tantus,
1061 3190 1094 3240 et
1115 3187 1158 3239 est
1179 3189 1252 3251 super

176 3267 351 3326 terraturio
377 3265 479 3326 sancti
505 3263 612 3338 illius,
637 3264 671 3321 in
692 3263 769 3326 villa
792 3265 863 3341 illa,
891 3273 922 3323 et
944 3263 1109 3344 subiungit
1132 3260 1167 3319 de
1189 3265 1252 3314 terra

180 3351 248 3425 illa,
271 3349 310 3408 de
338 3369 403 3407 nno
435 3347 535 3406 latere
565 3366 692 3426 campus
717 3345 822 3422 illius,
855 3355 962 3406 taxato
988 3348 1115 3427 precio:
1143 3340 1196 3400 hoc
1218 3340 1251 3426 tsi

178 3432 212 3491 in
239 3431 326 3512 quod
350 3427 429 3488 mihi
457 3428 661 3508 complacuit,
682 3427 810 3488 valente
834 3429 962 3489 soledus
988 3437 1110 3502 tantus,
1133 3413 1250 3500 utquid·

179 3514 259 3595 quid
288 3514 326 3572 ab
353 3510 510 3572 hodierna
534 3509 585 3570 die
608 3511 646 3570 de
673 3511 741 3590 ipso
772 3532 882 3590 campo
905 3531 998 3593 agere
1027 3507 1179 3579 volneris,
1201 3497 1250 3557 alts-

179 3617 244 3675 que
268 3592 503 3675 praeiudicium
528 3592 626 3651 sancti
656 3593 762 3668 illius,
796 3594 887 3653 cuius
912 3604 1015 3654 terrae
1043 3611 1108 3652 esse
1135 3586 1246 3652 videtur,

179 3679 314 3740 liberam
341 3677 374 3735 in
407 3675 554 3737 omnibns
584 3673 699 3736 habeas
726 3684 924 3758 potestatem.
973 3676 1014 3736 Et
1040 3674 1067 3735 si
1088 3668 1183 3738 ,fuerit
1205 3680 1248 3740 0130

178 3759 251 3845 ipsi,
273 3768 332 3820 etc.
853 3785 855 3790 ·

501 3887 633 3970 incipit
654 3890 757 3948 cautio
778 3887 817 3947 de
839 3890 941 3953 m'uea.

262 4004 370 4070 XXll.
412 4003 479 4087 Ego
503 4005 590 4066 enim
615 4005 675 4070 illi.
718 4001 851 4064 Constat
883 4022 933 4060 me
962 4003 1133 4084 accepisse,
1168 3997 1194 4052 el
1216 3985 1247 4041 lli

182 4091 289 4170 accepi
316 4109 376 4171 per
407 4087 491 4148 hanc
523 4088 708 4148 cautionem
737 4087 776 4146 ad
801 4093 994 4167 praestetnm
1023 4078 1197 4168 beneficium
1218 4065 1246 4157 {ll

180 4171 323 4247 homine,
346 4191 463 4230 nomen
486 4171 643 4247 illo,l10c
670 4177 718 4230 est
743 4169 773 4226 in
796 4167 883 4248 qnod
911 4166 991 4225 mihi
1014 4163 1208 4245 complacui,
1222 4164 1245 4202 ¹¹¹

179 4249 311 4337 argento
329 4253 456 4314 soledus
469 4262 592 4325 tautum
614 4263 644 4314 et
658 4253 691 4312 iu
706 4252 840 4335 pignore
858 4250 917 4310 tibi
934 4248 1123 4310 conditionis
1142 4236 1244 4304 deffl¹¹l⁰
