2734 4990
170 293 261 369 tto*
628 311 817 366 rennuens

470 449 551 512 Item
577 449 639 512 atio
663 449 756 514 modo
786 452 969 530 ingenuitas.

253 561 371 626 XCIV.
412 561 447 624 si
472 563 598 645 aliquos
620 587 658 627 ex
682 563 895 628 servientibus
918 561 1033 626 uostris
1060 562 1077 624 d
1107 562 1183 644 iugo
1204 582 1279 626 scr·

170 649 283 712 situtis
304 643 515 724 absolvimus,
536 647 718 710 mercedem
742 647 775 706 in
798 648 943 706 futurum
968 641 1059 706 nobis
1081 665 1122 705 ex
1137 645 1201 706 hoc
1221 665 1280 706 re-

169 730 269 796 tribui
296 727 497 790 confidimus.
540 727 644 810 igitur
674 751 733 812 ego
764 728 820 790 itte
846 735 979 810 propter
1003 747 1118 788 nomeu
1139 725 1280 788 Domini

170 821 204 878 et
225 810 470 880 resitutionem
491 818 664 890 aeteruum,
686 822 746 872 etc.
767 823 801 872 ut
824 830 919 894 supra
936 829 1007 892 pag.
1032 810 1102 888 534.

617 926 694 988 Alio
719 925 823 990 modo.

253 1041 356 1110 XCV.
397 1043 483 1104 Dum
498 1041 698 1124 omnipotens
717 1043 804 1104 Dens
818 1041 909 1102 uobis
929 1039 1079 1104 concedit
1092 1039 1124 1099 in
1142 1039 1205 1101 hoc
1228 1063 1282 1104 se·

173 1129 249 1192 culo
265 1147 378 1190 eanum
407 1145 522 1208 corpus
543 1123 682 1202 habere,
711 1146 768 1208 pro
790 1125 891 1186 salute
913 1124 1035 1200 animae
1059 1133 1184 1184 nostrae
1203 1127 1280 1186 fre-

170 1209 323 1294 quentius
335 1206 474 1290 cogitare
496 1205 658 1284 debemus,
680 1217 716 1266 ut
736 1206 973 1287 aliquantulum
989 1207 1028 1266 de
1046 1207 1184 1286 peccatis
1202 1229 1279 1268 uos·

170 1291 229 1354 tris
249 1291 396 1352 minuere
420 1309 607 1352 mereamur.
649 1290 762 1372 ltaque
790 1309 848 1370 ego
879 1289 936 1350 ille
963 1288 996 1348 in
1028 1287 1089 1348 Dei
1123 1289 1276 1368 nomine,

172 1383 232 1438 etc.
254 1386 289 1441 ut
314 1391 410 1465 supra
433 1392 505 1454 pag.
533 1373 603 1436 551.

620 1487 693 1550 Atio
715 1487 820 1550 modo.

252 1601 368 1667 xcvi.
410 1604 476 1683 Qui
502 1603 645 1665 debitum
673 1603 733 1664 sibi
758 1625 942 1686 nexumque
963 1623 1099 1685 ⁴servum
1131 1602 1275 1679 relaxet,
1357 1683 1358 1686 Ἴ

193 1687 349 1748 raemium
374 1707 415 1748 ex
441 1687 503 1748 hoc
526 1688 700 1747 Dominum
733 1687 766 1746 iu
797 1695 926 1748 aeterua
953 1685 1151 1746 beatitudine
1180 1686 1276 1746 retri-
1352 1696 1356 1705 '

169 1709 271 1832 duero
303 1767 452 1831 confidat.
502 1769 705 1852 Quapropter
735 1769 769 1830 in
800 1769 860 1831 Dei
885 1766 1014 1828 nomine
1045 1767 1102 1829 ilie
1129 1766 1279 1848 cogitans

169 1852 233 1916 Dei
262 1873 402 1913 umorem
433 1852 486 1911 ret
515 1859 676 1912 aeternam
701 1851 817 1911 bonam
834 1850 1091 1928 retributionem,
1112 1871 1274 1910 vernacu·

170 1937 241 1996 lum
266 1932 347 1994 iuris
378 1932 442 1992 mei
471 1933 601 1992 nomine
633 1931 728 1993 illum
758 1933 797 1992 ab
826 1932 911 1992 omni
941 1933 1073 1992 vinculo
1104 1931 1271 1992 servitutis

171 2017 212 2078 ad
232 2015 384 2102 praescire
414 2013 562 2092 absolvo,
585 2015 627 2074 ita
649 2023 684 2074 ut
706 2017 866 2098 ingenuus
893 2015 934 2075 sit
956 2023 988 2075 et
1014 2014 1171 2096 ingenuus
1195 2035 1271 2096 per·

113 2151 116 2158 ,
170 2107 298 2158 maneat
324 2105 477 2178 tanquam
500 2097 526 2156 si
551 2095 588 2156 ab
617 2097 767 2179 ingenuis
790 2097 974 2178 parentibus
1002 2097 1115 2158 fuisset
1136 2115 1271 2178 procre-

170 2189 241 2240 atus
262 2179 316 2240 vel
338 2188 439 2243 natus.
467 2179 634 2240 Peculiare
666 2200 744 2240 vcro
767 2201 861 2240 suum
883 2179 972 2260 quod
989 2178 1106 2239 habere
1126 2179 1268 2247 ridetur,

170 2259 225 2323 vel
247 2260 399 2344 deinceps
421 2259 584 2322 elaborare
606 2261 765 2341 potuerit,
787 2261 847 2321 sibi
876 2261 991 2322 habeat
1014 2281 1201 2322 concessum
1225 2270 1271 2318 at·

170 2365 234 2425 que
257 2341 429 2406 indultum.
479 2343 734 2403 Mundeburdem
756 2343 809 2404 vel
839 2343 1058 2404 defensionem
1081 2343 1269 2422 ubieunque

170 2425 231 2487 sihi
255 2423 374 2506 eligere
394 2425 552 2505 potuerit,
583 2424 746 2485 licentiam
770 2424 886 2486 habeat
909 2424 1060 2506 eligendi.
1101 2425 1270 2486 CivisRo-

170 2527 283 2568 munus
311 2503 410 2588 portis
435 2527 451 2564 a
476 2506 552 2565 artis
574 2527 642 2566 eam
661 2517 772 2590 pergat
786 2518 908 2590 partem
927 2528 1023 2590 quam
1046 2507 1186 2568 volucrit
1207 2528 1270 2586 am·

169 2590 293 2670 putare,
333 2587 378 2646 Et
399 2527 484 2646 nulii
504 2587 660 2648 heredum
679 2611 714 2650 ac
737 2590 950 2670 proheredum
964 2609 1107 2648 meorum
1129 2590 1198 2648 ullo
1211 2609 1270 2647 uu-

170 2681 267 2754 quam
292 2677 437 2752 tempore
460 2668 572 2728 reddat
595 2671 811 2731 libertinitatis
834 2669 1037 2752 obsequium;
1068 2671 1123 2730 scd
1147 2671 1213 2752 ipse
1237 2679 1271 2729 et

170 2752 298 2835 agnatio
322 2771 379 2812 sua
401 2749 598 2832 inposterum
621 2773 745 2836 semper
767 2755 892 2816 valeant
911 2773 1096 2834 permanere
1121 2753 1203 2812 bene
1219 2750 1273 2810 in*

163 2835 269 2920 'genui
297 2841 393 2915 atque
415 2831 531 2894 securi.
573 2834 659 2894 Etsi
681 2835 838 2919 quispiam
866 2835 1027 2917 deinceps.
1068 2835 1111 2894 Et
1133 2833 1270 2916 reliqua.

577 2947 651 3006 Alia
674 2949 857 3030 ingenuitas,

251 3059 387 3132 XCVII.
430 3062 591 3140 Quoniam
618 3061 805 3122 sanctissimi
834 3062 1031 3122 Hludourici
1066 3059 1272 3142 Imperatoris

167 3145 289 3238 pietas,
311 3165 406 3227 quam
434 3143 532 3205 habet
555 3145 589 3203 in
617 3145 734 3222 animo,
757 3167 793 3206 ea
814 3165 968 3226 quaerere
992 3155 1023 3204 ct
1038 3144 1187 3226 indagare
1205 3166 1272 3223 non

169 3235 271 3298 cessat
299 3249 381 3309 quae
407 3227 468 3288 Dei
494 3225 692 3310 potissimum
724 3235 903 3309 congruant
932 3226 1107 3302 voluntati,
1148 3236 1208 3288 etc.
1237 3241 1272 3286 ut

168 3319 265 3392 'supra
286 3329 357 3392 pag.
383 3309 453 3388 547.

579 3425 651 3492 Alie
678 3425 861 3504 ingenuitas.

251 3537 404 3606 xcvtll,
448 3539 632 3600 Secundum
658 3542 776 3621 Legem
797 3543 984 3616 Romanam,
1008 3541 1191 3602 nullatenus
1215 3561 1270 3601 re-

166 3624 349 3696 vocetur‚*
382 3621 439 3690 sub
472 3622 523 3680 die
545 3621 613 3699 ille,
635 3631 789 3702 regnante
811 3626 936 3683 Domno
963 3635 1070 3684 nostro
1093 3623 1150 3682 illo
1172 3625 1271 3705 Rege,

168 3701 352 3770 indictione
386 3701 459 3779 ilia,
490 3703 541 3765 vir
571 3704 762 3780 venerabilis
789 3705 845 3766 ilie
873 3706 1035 3773 Diaconus
1059 3714 1189 3766 testatus
1213 3713 1270 3780 cst,

166 3793 228 3849 etc.
249 3796 283 3844 ut
308 3793 403 3868 supra
425 3803 498 3870 pag.
523 3786 593 3866 371.

588 3900 851 3984 Redemptionule,

206 4081 208 4089 ,
250 4017 365 4089 xsslx,
406 4014 622 4078 Dilectissimo
652 4013 729 4076 mihi
754 4015 837 4076 bene
868 4019 981 4079 merito
1011 4021 1070 4079 illi.
1113 4021 1270 4081 Omnibus

166 4119 232 4160 nou
255 4097 393 4160 hahetur
416 4099 627 4180 incognitum,
650 4097 706 4158 sed
730 4100 933 4178 patefactum,
956 4103 1042 4182 quod
1062 4113 1096 4162 tu
1126 4104 1270 4182 quotidie

166 4180 199 4241 in
223 4179 316 4241 honis
344 4181 487 4262 partibus
519 4181 659 4249 firtctiter
688 4180 766 4244 mihi
792 4182 951 4252 deservire
975 4205 1039 4251 non
1070 4206 1188 4262 cessas,
1211 4195 1270 4254 ete.

166 4276 200 4332 ut
229 4284 323 4354 snpra
339 4283 409 4344 pag.
439 4264 507 4341 567,
1120 4257 1123 4267 ’
