2734 4990
518 267 778 376 nannumsoeu
864 266 869 274 ’
1131 295 1205 368 413
1280 309 1282 316 ·

100 437 218 520 testate
241 452 382 539 qualiter
397 459 512 512 cuncta
532 461 661 512 terrena
682 447 818 508 debeant
837 449 1020 543 gubernari.
1061 451 1154 514 Unde
1174 475 1206 514 o·

98 547 213 623 portet
229 559 290 598 -nos
302 534 420 611 salubri
436 532 574 594 consilio
593 539 766 593 retractare
786 539 822 590 ut
840 533 890 591 un
910 533 944 592 in
965 533 1045 596 locis
1068 536 1204 596 Samcto-

99 645 178 684 rum
192 620 401 682 instituantur
414 616 560 690 custodes
575 613 632 696 qui
648 613 744 693 digne
762 614 801 673 ad
816 613 921 695 ipsum
935 615 1079 682 osticium
1093 617 1209 699 gaber.

101 705 247 764 nandum
275 719 427 782 apparere
449 707 637 762 noscuntur,
679 694 782 776 Igitur
809 695 886 755 dum
910 708 943 758 et
964 709 1069 760 vestra
1092 709 1124 760 et
1141 705 1205 760 cte·

102 786 134 846 ri
159 785 212 847 vel
237 781 423 866 pagensium
443 779 584 842 civitatis
599 779 687 840 illius
708 777 812 839 adfuit
825 778 938 859 petitio
958 790 994 839 ut
1018 779 1130 841 relicta
1148 802 1205 842 ur-

103 868 146 929 be
173 867 246 942 illa,
272 885 368 947 quam
392 862 483 945 prius
507 883 619 943 regere
653 871 686 921 et
715 861 894 942 gubernare
925 862 1139 941 videbamini,
1168 863 1203 923 in

103 947 314 1032 suprascripta
336 946 417 1007 urbe
435 944 492 1004 illa
519 943 702 1004 cathedram
722 942 940 1026 pontificalem
962 944 1124 1026 suscipere
1151 946 1205 1006 de·

103 1031 233 1107 heretis,
257 1039 289 1089 et
309 1028 387 1090 dum
404 1048 461 1089 vos
478 1027 565 1107 apud
588 1027 710 1086 animos
729 1034 853 1086 nostros
876 1034 908 1086 et
927 1027 1010 1088 actio
1038 1048 1205 1088 commen-

104 1115 156 1174 dat
183 1113 325 1194 probata,
356 1120 390 1170 et
410 1108 588 1170 nobilitatis
611 1109 691 1168 ordo
717 1108 888 1184 sublimat,
918 1131 955 1171 ac
982 1131 1107 1170 morum
1132 1131 1205 1192 pro·

100 1195 182 1256 bitas
201 1195 256 1255 vel
275 1193 486 1254 mansuetudo
509 1201 542 1251 et
563 1190 754 1272 prudentiae
777 1189 928 1251 honestas
954 1200 1099 1268 exornat,
1129 1213 1204 1252 cam

101 1277 238 1338 consilio
261 1285 295 1335 et
320 1275 486 1336 voluntate
514 1273 709 1334 Pontificum
732 1275 971 1352 Procerumque
1000 1284 1204 1351 nostrornm,

99 1359 191 1420 iuxta
214 1358 414 1429 voluntatem
437 1365 468 1416 et
490 1377 683 1416 consensum
705 1355 783 1418 cleri
809 1363 842 1414 et
862 1355 1006 1436 plebium
1033 1355 1133 1438 ipsius
1156 1355 1204 1415 ei·

101 1441 230 1517 vitatis,
261 1439 294 1498 in
318 1439 499 1520 supradicta
522 1437 598 1496 urbe
620 1437 677 1498 illa
696 1437 914 1521 pontificalem
936 1439 968 1497 in
989 1439 1050 1500 Dei
1073 1439 1204 1499 nomine

101 1525 193 1586 vobis
225 1523 440 1583 commisimus
465 1520 661 1601 dignitatem.
720 1511 979 1603 Propterea'per
1004 1531 1205 1602 praesentem

85 1613 312 1688 praeceptum
331 1601 534 1664 decernimus
559 1623 595 1660 ac
622 1602 767 1662 iubemus
785 1611 821 1662 ut
845 1603 1026 1682 supradicta
1047 1604 1123 1664 urbs
1150 1603 1205 1664 vel

102 1710 156 1748 res
175 1687 343 1766 Ecclesiae
365 1685 463 1765 ipsius
478 1693 510 1764 et
526 1683 630 1744 clerus
645 1685 703 1745 sub
724 1694 829 1745 restro
847 1683 979 1746 arbitrio
998 1692 1030 1745 et
1050 1685 1205 1765 guberna-

104 1771 196 1828 tione
213 1769 399 1844 consistant,
420 1776 452 1826 et
470 1787 544 1846 erga
561 1767 702 1847 regimen
719 1771 863 1827 nostrum
883 1788 1008 1849 semper
1020 1767 1116 1827 fidem
1132 1767 1206 1826 inli-

104 1850 212 1923 batam
234 1849 392 1911 custodire
414 1848 567 1924 debeatis,
590 1863 621 1908 et
641 1851 734 1910 iuxta
755 1847 941 1909 canonicam
967 1849 1205 1912 iustitutionem

103 1933 231 2012 plebem
255 1931 346 1992 vobis
366 1931 563 1992 commissam
591 1931 724 1992 assiduis
749 1932 1022 2012 praedicationum
1047 1931 1206 1992 sermoni·

7 2007 9 2016 ’
102 2017 162 2076 bus
186 2013 350 2096 expolire,
371 2023 404 2075 et
432 2033 498 2072 non
529 2013 636 2074 minus
663 2013 780 2096 pietate
808 2027 912 2094 quam·
928 2011 1101 2076 severitate
1125 2035 1204 2076 con-

100 2097 258 2177 stringere
277 2096 440 2171 studeatis,
459 2101 493 2155 ‘et
515 2116 627 2178 curam
651 2117 826 2176 pauperum
843 2096 895 2156 vel
917 2098 1136 2158 necessitatem
1151 2117 1204 2179 pa-

99 2180 252 2238 tientium
270 2197 344 2239 curu
368 2177 494 2258 ingenti
517 2199 593 2238 cura
617 2188 650 2239 et
671 2178 843 2238 dilectione
862 2181 1059 2258 procuretis,
1089 2190 1124 2240 ut
1144 2180 1201 2237 ad-

54 2311 57 2318 .
100 2260 218 2342 quisita
240 2253 647 2342 multiplicataqne'gregis
667 2260 763 2320 vestri
782 2260 904 2338 salute,
930 2263 971 2324 ad
997 2262 1080 2322 ovile
1102 2262 1202 2322 domi-

101 2344 211 2403 nicum
237 2343 335 2402 nullis
357 2343 489 2402 maculis
511 2344 708 2406 sordidatum
728 2342 857 2404 valeatis
878 2353 1096 2426 praesentare;
1119 2365 1201 2424 qua·

99 2435 194 2486 tenus
219 2425 294 2483 dum
320 2424 495 2502 Ecclesiam
530 2425 617 2486 vobis
650 2425 886 2505 dispensatione
917 2425 1024 2486 divina
1052 2426 1202 2485 commis·

99 2530 166 2568 sam
194 2517 323 2567 strenua
345 2527 456 2586 regere
479 2516 572 2588 atque
600 2508 777 2588 gubernare
803 2507 988 2584 videamini,
1009 2507 1097 2568 vobis
1116 2509 1201 2590 apud

100 2588 269 2649 aeteruum
299 2588 526 2648 retributorem
557 2592 741 2650 mercedum
765 2589 911 2670 suffragia
941 2590 1135 2670 largiantur,
1169 2602 1202 2652 et

102 2693 161 2730 ros
187 2671 376 2732 immensum
413 2669 575 2731 Christum
605 2695 663 2754 pro
697 2681 879 2733 nostrorum
915 2671 1000 2734 mole
1037 2675 1200 2755 peccami-

104 2775 182 2812 num
204 2754 329 2814 assidue
355 2774 488 2814 exorare
511 2755 662 2820 debeatis.

104 2881 209 2941 Carta·
228 2880 266 2941 de
293 2903 405 2962 magna
433 2904 488 2962 rc,
518 2887 572 2960 orii
607 2884 671 2943 siclt
698 2883 931 2946 menodoclzium
957 2898 1012 2945 aut
1043 2902 1199 2952 monaste-

504 2987 584 3026 rtum
614 2981 803 3032 construere.

181 3073 222 3138 V.
264 3075 402 3138 Domino
422 3099 497 3140 rere
520 3088 640 3159 sancto,
661 3091 722 3146 etc.
743 3093 891 3165 utsupra
909 3101 981 3163 pag.
1007 3083 1077 3149 311.

498 3206 662 3267 Euzuuitas
695 3207 800 3286 Regia.

180 3319 239 3383 Vl.
282 3321 455 3383 Maximum
475 3323 565 3404 regni
586 3321 687 3383 nostri
708 3343 824 3404 augere
844 3322 1004 3386 credimus
1018 3326 1202 3389 munimen-

96 3414 167 3463 tum
191 3403 216 3463 si
246 3403 403 3465 beneficia
420 3417 578 3488 oportuna
598 3405 678 3466 locis
692 3404 914 3467 ‚Ecclesiarnm
938 3407 1098 3470 benevola
1118 3411 1202 3472 deli-

94 3487 265 3546 beratione
292 3487 509 3565 concedimus,
532 3511 568 3548 ac
585 3487 724 3548 Domino
740 3497 939 3569 protegente,
961 3493 1122 3554 stabiliter
1133 3515 1204 3575 per·

96 3571 216 3628 durare
238 3571 477 3630 conscribimus.
518 3569 652 3630 Noverit
671 3568 768 3650 igitur
793 3572 937 3634 sollertia
959 3584 1064 3635 vestra
1087 3597 1145 3638 nos
1162 3576 1202 3637 ad

95 3650 290 3732 petitionem
317 3652 484 3732 apostolici
512 3651 575 3712 viri
604 3653 724 3713 Domni
753 3651 800 3713 itt.
825 3654 913 3716 illius
937 3657 1025 3730 urbis¹
1049 3657 1202 3741 Episcopi

95 3733 164 3790 tale
194 3750 253 3813 pro
285 3743 413 3793 aeterna
443 3733 878 3798 retributione'henctieium
904 3738 1074 3801 indulsisse
1101 3751 1138 3802 ut
1166 3743 1201 3802 iu

95 3813 190 3874 villis
218 3815 382 3875 Ecclesiae
405 3818 523 3877 Domni
546 3817 593 3883 ill.
637 3840 693 3878 uas
715 3820 870 3879 moderno
895 3830 1037 3900 tempore
1056 3834 1109 3884 aut
1125 3847 1202 3886 nos·

95 3907 150 3956 tro
181 3904 236 3954 aut
260 3898 433 3958 cuiuslibet
458 3922 593 3960 munere
615 3840 741 3960 qbabere
764 3901 912 3978 ridetur,
939 3901 993 3962 rel
1019 3925 1083 3984 qua
1107 3907 1202 3968 dein-

96 4000 175 4057 ceps
201 3979 235 4037 iu
258 3979 327 4041 iure
357 3981 457 4062 ipsius
484 3982 583 4043 sancti
609 3982 672 4043 loci
707 3983 848 4043 voluerit
876 3983 989 4044 divina
1017 3986 1118 4066 pietas
1152 4011 1203 4048 am

93 4061 220 4142 pltare,
251 4062 361 4124 nullus
380 4063 484 4124 ludex
509 4065 658 4146 publicus
679 4065 719 4125 ad
738 4086 845 4124 causas
866 4065 1040 4128 audiendas
1062 4080 1117 4131 aut
1135 4071 1203 4131 fre·
1242 4095 1245 4099 ·

96 4143 171 4201 dam
196 4143 341 4223 undique
370 4145 562 4228 exigendam
586 4147 654 4208 ullo
680 4168 822 4228 unquam
849 4157 991 4228 tempore
1022 4164 1201 4230 praesumat

95 4223 236 4306 ingredi;
263 4227 320 4288 sed
347 4226 409 4289 hoc
428 4229 494 4313 ipse
519 4229 672 4292 Pontifex
692 4232 744 4293 vel
765 4249 962 4294 successores
984 4231 1053 4295 cius
1067 4248 1202 4322 propter
