2684 4990
194 261 269 337 770
568 266 748 324 aracussi
767 267 943 323 errarem

193 423 229 476 Et
246 435 308 476 cunr
326 417 366 471 ita
383 430 432 484 per
449 407 597 466 eorundem
617 405 753 464 seniorum
780 407 942 474 consilium,
970 407 1035 480 quid
1059 407 1130 464 iutnr‘r
1149 420 1221 485 tempe,

194 493 267 546 '⁰²³⁰
284 487 330 544 ⁷⁶¹
348 485 414 540 ⁰‘d0
431 482 527 549 ⁸8⁰⁰&
546 491 690 550 ll⁰⁸⁰⁰feis
709 480 823 550 ⁸10nge
843 481 1058 532 considerarent:
1074 487 1099 530 et
1114 497 1161 534 rure
1174 485 1225 540 inm,

193 573 253 616 tum
271 568 352 620 esset,
373 554 422 607 sub
441 552 550 604 silentio
567 550 641 602 idem
659 549 804 603 inventurn
825 551 978 614 consilium,
996 551 1034 601 ita
1050 548 1150 602 funditus
1164 553 1187 603 ab
1199 575 1227 608 ee.

193 632 274 686 nibus
284 626 379 681 alienis
387 623 555 691 incognitum
570 635 657 691 usque
675 619 709 670 ad
718 621 792 672 aliud
808 621 905 675 iterum
921 621 1067 673 secuudum
1081 623 1230 692 generalepleg.

193 713 263 764 tum,
273 716 305 752 ac
322 700 343 749 ei
361 697 502 747 inventurn
517 692 562 744 rel
577 708 591 740 a
607 689 684 741 nullo
700 697 846 743 tractatum
857 697 937 752 esset,
948 697 1074 749 maneret,
1085 691 1135 741 utri
1145 693 1231 748 scurrile

195 769 319 840 aliquid,
339 774 387 818 aut
404 765 494 825 inira,
514 769 562 812 aut
586 769 661 813 extra
686 776 798 824 regnum
822 759 1004 814 ordinandum
1026 767 1106 820 esset,
1123 763 1232 832 quodprae-

196 840 312 893 acientia
331 832 519 906 quorundam,
540 839 587 882 aut
604 829 755 892 destruere,
776 838 823 882 aut
842 838 915 884 certe
934 830 1031 882 inutile
1047 829 1151 892 reddere,
1164 842 1234 903 ιιιΡεῐ
1291 819 1292 822 ,

195 902 316 980 aliquam
333 907 464 958 diversam
484 901 610 954 astutiam
628 899 788 954 laboriosius
805 899 963 952 iaciendum
983 909 1127 953 convertere
1140 902 1235 966 voluisset,

193 981 248 1034 lrcc
264 979 423 1029 nullatenus
442 972 530 1023 facere
547 969 687 1039 potuisset.
726 972 758 1022 ln
783 971 842 1040 ipso
860 981 954 1024 autern
976 970 1090 1040 placito,
1116 970 1135 1020 ai
1154 971 1199 1040 quid
1213 976 1236 1024 ita

194 1049 329 1115 exigeret,
348 1046 393 1099 vel
411 1050 519 1114 propter
536 1039 750 1093 sntirlactionem
770 1051 939 1094 caeterorum
958 1041 1103 1102 seniorum,
1122 1041 1160 1092 rel
1171 1051 1238 1112 pepi„

193 1137 250 1172 non
268 1118 356 1170 solum
375 1111 563 1179 mitigandum,
572 1126 664 1162 verum
682 1109 764 1162 etiarn
781 1109 990 1164 accendendum
1007 1109 1238 1180 animuupopulorm

195 1206 227 1242 ac
245 1187 267 1240 si
285 1188 325 1238 ita
343 1185 416 1256 prius
434 1181 534 1233 exinde
551 1180 765 1262 praecogitatum
783 1181 853 1233 nibil
871 1180 987 1241 fumet,
1012 1180 1050 1232 ita
1072 1197 1137 1232 nunc
1155 1198 1168 1230 a
1186 1199 1239 1240 rore,

195 1256 311 1312 consilio
338 1265 368 1307 et
390 1269 525 1307 consensu
550 1251 662 1302 rllorurn
680 1258 708 1301 ct
724 1251 901 1314 inveniretur,
922 1259 1030 1303 etcum
1047 1247 1191 1316 magnanimis
1203 1252 1240 1301 orie
1292 1245 1293 1282 i

194 1327 311 1382 Domino
330 1326 401 1377 duee
418 1323 603 1394 perficeretur.
641 1322 683 1372 tta
700 1329 794 1375 nutem
811 1339 883 1376 auno
899 1321 991 1392 priore
1007 1321 1151 1382 terminato,
1164 1321 1241 1391 praeires

195 1397 276 1454 ruodo
294 1396 465 1450 ordinaretur
483 1399 511 1443 et
529 1390 564 1443 de
584 1389 712 1444 secundo.

265 1498 363 1554 xxxt.
398 1496 566 1548 Corsrnraarr
585 1498 696 1557 autem,
716 1502 849 1564 quantum
875 1492 1008 1566 possibile
1033 1501 1100 1556 erat,
1120 1499 1167 1544 tear
1185 1489 1239 1544 clerici

195 1589 277 1646 quam
304 1565 387 1630 laici,
414 1566 483 1616 talea
510 1561 697 1628 eligebantur,
724 1563 772 1635 qui
795 1564 883 1634 primo
906 1564 1058 1618 secundum
1079 1581 1143 1616 suan
1169 1562 1239 1631 quisqu

195 1640 374 1713 qualitatem,
393 1636 437 1687 vel
456 1632 634 1686 ministerium
651 1635 739 1686 Deum
759 1634 903 1697 timerent,
924 1635 1025 1687 deinde
1042 1634 1117 1686 selem
1137 1631 1198 1684 fide.
1214 1631 1241 1681 he.

195 1713 309 1772 berent,
328 1717 359 1760 ut
378 1713 495 1773 excepta
512 1702 567 1754 rita
584 1710 693 1755 aeterna
710 1701 781 1756 nihil
797 1704 861 1769 Regi
879 1707 1006 1770 etllegno
1023 1710 1198 1775 praeponerent:
1210 1718 1242 1750 rer

195 1783 311 1844 affll⁰⁰⁸s
328 1795 385 1829 Ποῦ
402 1772 543 1832 inimicos,
562 1789 619 1823 non
635 1782 777 1844 parentes,
796 1791 853 1826 non
871 1791 988 1826 munera
1005 1774 1110 1836 dantes,
1133 1789 1175 1824 non
1194 1769 1244 1819 ilar·
1293 1825 1294 1832 ἵ

195 1852 320 1914 dientes,
339 1865 394 1901 non
413 1851 621 1912 exasperantes,
641 1860 697 1894 non
724 1843 871 1913 sophistice
888 1845 934 1898 vel
951 1852 1072 1906 versute,
1090 1851 1132 1895 aut
1145 1839 1242 1894 secundun

194 1919 354 1994 rapientium
373 1913 543 1970 solummodo
565 1912 646 1964 huius
664 1913 778 1978 saeculi,
799 1931 869 1984 quae
886 1915 1002 1967 inimica
1020 1924 1059 1966 est
1074 1915 1135 1974 Deo,
1148 1909 1241 1978 sapientes,

194 1993 242 2044 sed
261 1991 336 2042 illam
356 1984 517 2056 sapientiam
536 1991 564 2034 et
581 1982 791 2048 intelligentiam
809 1983 949 2047 scientes,
970 2002 1025 2054 qua
1042 1983 1116 2043 illos,
1137 1979 1172 2050 qui
1186 1980 1204 2028 ir
1215 1995 1241 2026 ru·

192 2061 316 2134 predicta
332 2057 453 2108 bumana
472 2053 571 2105 astutia
587 2051 715 2104 fiduciam
733 2071 809 2106 auam
826 2052 999 2117 habuissent,
1031 2053 1121 2107 leniter
1134 2069 1171 2120 per
1181 2048 1243 2098 instan

196 2143 225 2186 et
242 2139 343 2184 rectam
362 2124 522 2197 sapientiam
540 2138 595 2174 nou
613 2123 701 2174 solnm
719 2123 874 2194 reprimere,
883 2123 933 2176 sed
953 2073 1075 2176 iunclitus
1091 2122 1205 2190 opprimere
1217 2133 1245 2184 pe

193 2202 316 2256 tuissent.
355 2195 443 2249 Electi
463 2203 554 2246 autem
572 2192 720 2244 consiliarii
740 2210 873 2246 unacum
892 2195 965 2262 Rege
984 2192 1038 2246 hoc
1061 2194 1124 2244 inter
1144 2207 1166 2241 se
1182 2183 1244 2258 princi·

193 2272 293 2343 paliter
311 2269 489 2321 constitutum
507 2262 664 2327 habebant,
683 2270 715 2314 ut
732 2264 866 2334 quicquid
883 2264 957 2317 inter
976 2281 1005 2316 ee
1029 2261 1174 2314 familiariter
1190 2253 1244 2306 locuti

194 2342 323 2400 luissent,
342 2348 399 2389 tam
417 2335 452 2386 de
470 2341 542 2384 statu
561 2332 663 2398 Regni,
683 2349 821 2404 quamque
839 2341 866 2385 et
884 2335 920 2385 de
939 2334 1054 2404 speciali
1081 2328 1198 2384 cuiuslibet
1209 2341 1244 2393 per-

193 2427 275 2472 sona,
295 2407 388 2458 nullus
406 2404 464 2454 sine
482 2419 614 2453 consensu
631 2402 750 2471 ipsorum
769 2402 884 2456 cuilibet
908 2403 1060 2456 domestico
1084 2420 1140 2464 suo,
1161 2398 1193 2450 vel
1210 2393 1245 2446 eui-

195 2493 306 2548 cunque
326 2473 404 2526 alteri
422 2472 535 2542 prodere
554 2470 704 2536 debuisset,
723 2472 874 2525 secuudum
891 2473 963 2536 hoc,
984 2474 1060 2545 quod
1076 2477 1113 2524 rc's
1130 2469 1199 2522 eaden
1212 2464 1246 2513 sire

195 2549 258 2610 die,
279 2545 335 2598 sive
354 2542 461 2598 duobus
479 2542 536 2592 sive
554 2540 686 2610 amplius,
712 2560 759 2595 seu
786 2561 903 2606 annum,
933 2546 980 2597 vel
1008 2545 1088 2596 etiarn
1111 2543 1135 2592 in
1159 2543 1246 2608 perpetuo

195 2616 296 2679 celari,
323 2615 369 2669 vel
396 2611 447 2664 sub
465 2611 574 2662 silentio
599 2627 707 2663 manere
732 2629 844 2665 necesse
871 2613 981 2667 luisset:
1007 2614 1072 2684 quia
1095 2626 1163 2680 saepe
1180 2607 1201 2658 in
1217 2601 1248 2653 tali

192 2695 313 2742 tractatu
332 2685 367 2737 de
386 2681 511 2754 qualibet
528 2697 659 2750 persone,
677 2680 741 2734 talis
758 2683 894 2735 interdum
912 2692 1026 2756 propter
1042 2695 1188 2736 communem
1201 2671 1248 2723 utili·

193 2768 279 2812 tatem
299 2754 430 2822 agendam
449 2753 492 2804 vel
512 2752 660 2804 cavendam
678 2769 763 2804 sermo
780 2754 915 2823 procedit,
935 2755 984 2824 qui
1005 2754 1039 2806 ab
1059 2748 1248 2816 encaeniatur

192 2829 274 2883 valde
292 2825 401 2885 turbat,
421 2832 470 2875 aut
488 2820 562 2891 quod
580 2821 661 2887 magis
682 2823 767 2874 estin
786 2824 1004 2893 desperationem
1022 2823 1118 2883 trahit,
1135 2819 1182 2875 rel,
1201 2810 1247 2882 quod

193 2897 375 2964 gravissimum
394 2901 445 2955 est,
464 2893 493 2943 in
509 2891 699 2943 infidelitatem
718 2895 862 2954 convertit,
880 2902 907 2946 et
925 2896 959 2946 ab
979 2895 1054 2947 omni
1069 2891 1183 2964 proiectu,
1195 2895 1246 2951 quem

193 2968 306 3022 fortasse
324 2963 514 3034 multipliciter
531 2979 655 3014 exercere
671 2963 779 3031 potuit,
798 2963 925 3015 inutilem
945 2965 1052 3027 reddit,
1073 2979 1130 3016 cum
1145 2967 1208 3010 tanen
1219 2947 1246 3000 ni·

192 3039 235 3090 bil
254 3037 280 3090 ei
299 3034 423 3094 obesset,
444 3033 466 3083 si
485 3032 601 3084 eundem
619 3049 767 3086 sermonem
785 3033 897 3086 minime
915 3036 1004 3088 sciret.
1042 3034 1127 3088 Ouale
1150 3028 1178 3078 de
1191 3019 1248 3074 honi-

192 3125 229 3162 ne
247 3123 319 3168 uno,
338 3105 396 3157 tale
414 3103 449 3154 de
469 3100 593 3161 duobus,
611 3103 667 3153 tale
686 3101 720 3154 de
740 3112 861 3168 centum,
879 3105 937 3156 tale
954 3106 990 3158 de
1008 3089 1101 3156 maiori
1117 3111 1210 3153 numera
1219 3087 1249 3140 '1⁸¹

194 3178 276 3230 etiam
295 3178 330 3228 de
347 3172 475 3244 progenie
493 3189 562 3233 una,
581 3171 626 3224 vel
643 3189 697 3223 una
723 3173 849 3244 qnalibet
874 3175 954 3227 simul
976 3174 1130 3246 provincia,
1151 3168 1249 3225 einiger

195 3248 306 3303 cautela
324 3263 380 3298 non
398 3243 494 3306 luerit,
516 3241 573 3294 sieri
589 3243 700 3311 poterit.

208 3397 210 3402 .
262 3348 374 3402 xxxu.
410 3345 613 3398 Arecarsrtarna
632 3351 737 3405 autem,
756 3341 786 3394 id
805 3349 862 3406 est,
881 3344 1059 3413 Capelianus,
1078 3343 1120 3404 vel
1136 3333 1247 3394 Palatiilu·

194 3427 268 3482 stos,
288 3428 316 3469 et
332 3413 501 3484 Camerarius
519 3429 625 3481 semper
641 3412 809 3466 intererant:
828 3415 976 3468 etidcirco
995 3433 1058 3468 cum
1082 3429 1173 3468 sumno
1193 3401 1247 3458 striis

126 3505 130 3512 .
193 3491 263 3543 tales
281 3486 465 3554 eligebantur,
485 3491 532 3536 aut
552 3483 633 3536 electi
652 3483 868 3547 instruebantur,
888 3486 936 3555 qui
953 3486 1050 3539 merito
1067 3485 1182 3536 interesse
1200 3481 1249 3544 pere.

191 3561 291 3613 issentr
311 3556 359 3609 sed
378 3565 405 3608 et
424 3555 458 3606 dc
477 3553 590 3606 caeteris
609 3552 843 3617 ministerialibus,
863 3556 912 3624 qui
929 3556 1013 3608 calere
1032 3571 1061 3608 ee
1078 3547 1219 3608 ostendebat,
1231 3546 1249 3588 ut

191 3629 298 3683 adhoc
317 3625 361 3679 vel
400 3641 506 3686 resena,
532 3624 577 3674 vel
596 3619 722 3685 futurus,
752 3640 828 3678 nuuc
860 3625 1007 3689 discendo,
1033 3623 1188 3697 postmodum
1210 3625 1248 3664 rere

191 3697 363 3754 consiliando
379 3645 445 3746 loco
463 3695 612 3745 eorundem
631 3693 780 3746 honorilice
799 3693 928 3748 substitui
945 3695 1095 3765 potuisset,
1115 3707 1169 3746 cun
1183 3693 1248 3737 sunm

189 3769 344 3831 intentione
362 3764 477 3826 mentis,
496 3763 664 3815 intendendo
683 3764 794 3830 singulis
813 3781 885 3832 quac
910 3763 1058 3830 agebantur
1074 3765 1189 3815 interesse
1200 3750 1250 3804 iubs·

190 3841 289 3902 batur,
309 3839 415 3892 salvans
434 3833 556 3896 credita,
577 3832 685 3886 discens
710 3833 864 3899 incognita,
891 3836 1009 3886 retinens
1033 3835 1152 3887 ordinata
1169 3835 1193 3877 et
1210 3835 1250 3872 cen·

190 3912 306 3972 tritura,
325 3917 356 3962 ut
374 3906 396 3958 ai
415 3905 484 3958 sorte
507 3905 564 3956 tale
582 3904 688 3974 aliquid
707 3914 782 3956 extra
801 3914 850 3957 aut
865 3904 935 3956 inira
959 3921 1068 3972 regnum
1092 3902 1203 3955 orirerur,
1220 3891 1250 3940 art

190 3981 355 4052 mperatum,
373 3985 403 4028 et
417 3976 483 4028 ideo
495 3991 556 4026 'non
575 3975 801 4044 praemeditatum
825 3975 1009 4037 nunciaretur,
1026 3973 1119 4045 (rarius
1133 3979 1208 4023 tamen
1219 3973 1250 4010 re·

191 4067 266 4105 cesae
281 4058 372 4111 esset,
392 4053 424 4098 ut
442 4045 587 4098 consilium
605 4044 686 4097 altius
703 4052 881 4111 tractaretur;
909 4055 937 4098 et
961 4055 1051 4099 tamen
1074 4052 1170 4111 ternpus
1188 4039 1249 4102 span

189 4129 353 4181 nott-estet,
373 4117 402 4168 in
420 4133 477 4185 quo
493 4114 607 4187 praelati
624 4114 777 4168 consiliarii
795 4115 1029 4185 convocarentur),
1047 4114 1098 4186 ipsi
1113 4103 1207 4165 paletini
1218 4109 1249 4178 ptr

189 4189 401 4246 misericmdiant
424 4188 480 4239 Iler
510 4203 545 4238 ex
567 4202 661 4236 eorum
684 4185 790 4254 assidua
811 4185 1013 4248 familiaritate,
1046 4194 1100 4238 tera
1124 4181 1151 4234 irr
1167 4171 1249 4248 pullus

191 4260 313 4326 consilii·
324 4267 470 4328 :etiamque
488 4273 524 4310 ea
539 4255 689 4310 domestica
703 4254 734 4309 iri
751 4253 806 4312 liae
821 4263 906 4328 parte·
917 4255 1093 4320 allocutione,
1110 4241 1247 4320 mordet
