2734 4990
520 289 776 345 uinusnruoon
1124 273 1198 350 429

92 451 231 496 cavero
262 429 383 492 ratione
409 438 442 490 ut
464 427 610 513 quandin
634 425 798 507 advixero,
819 427 940 490 victum
964 432 1054 512 mihi,
1074 447 1196 520 potum,

90 525 126 578 et
147 513 354 588 vestimenta,
378 520 409 573 et
431 513 637 575 calciamenta
668 511 702 570 in
721 509 872 592 omnibus
899 513 1099 578 sufficienter
1120 539 1197 600 pro·

91 617 212 659 curare
233 593 367 672 debeas,
389 603 424 654 ut
446 596 564 656 exinde
589 591 670 651 mihi
696 592 844 656 omnibus
870 593 1086 660 diebusvitae
1106 620 1196 662 meae

92 679 181 738 nihil
207 676 348 746 deficiat;
375 677 463 772 quod
484 669 512 739 si
535 678 598 737 hoc
625 695 692 734 non
713 675 839 752 feceris,
859 674 941 760 ipsas
968 699 1031 757 res,
1052 701 1130 762 quas
1153 683 1197 742 ti-

92 761 130 822 bi
151 758 306 840 delegavi,
330 757 371 818 ad
391 767 553 842 integrum
569 757 694 838 perdas.
732 759 906 839 Propterea
924 758 1007 821 hauc
1031 763 1197 845 epistolam

95 843 156 904 tihi
178 843 245 902 lieri
267 838 319 903 vel
341 839 458 900 firmari
483 837 606 924 rogavi,
628 846 664 899 ut
683 839 782 902 nullo,
803 861 948 921 unquam
971 852 1112 926 tempore
1141 847 1198 907 ali·

96 923 176 1008 quis¹
191 924 230 992 de
251 921 426 985 heredibus
445 924 524 986 meis
548 943 606 992 seu
621 919 864 1002 *proheredibus
890 920 973 986 hanc
996 928 1196 990 convenien-

96 1009 172 1068 tiam
199 1006 286 1066 inter
309 1025 368 1067 uos
391 1007 507 1067 factam
534 1006 702 1066 immutare
723 1003 776 1066 vel
803 1005 964 1086 refragare
995 1029 1060 1069 non
1085 1010 1195 1092 possit,

95 1091 178 1152 sicut
197 1086 346 1170 superius
367 1087 563 1154 continetur.
612 1086 660 1148 Ea
688 1085 812 1147 seilicet
837 1087 961 1148 ratione
988 1097 1025 1150 ut
1049 1092 1196 1172 quandin
1246 1123 1252 1135 ·

93 1171 259 1247 advixero,
280 1181 383 1232 meam
407 1171 629 1232 necessitatem
658 1167 693 1227 in
717 1167 865 1229 omnibns
887 1191 1060 1250 procurare
1081 1174 1196 1236 debeas

92 1255 128 1312 in
153 1252 226 1314 cibo
247 1259 282 1312 et
303 1261 401 1334 potu,
431 1252 465 1312 iu
492 1249 689 1315 vestimentis
712 1271 771 1312 seu
797 1249 1012 1315 calciamentis
1022 1278 1032 1326 ;
1066 1264 1099 1318 et
1124 1267 1197 1340 post

61 1361 64 1370 ⁴
92 1356 203 1397 meum
224 1334 397 1396 discessum
416 1333 502 1416 ipsae
524 1355 594 1411 res,
615 1353 694 1412 quas
717 1330 774 1392 tibi
796 1332 925 1410 tradidi,
951 1335 985 1395 in
1012 1343 1068 1396 tua
1095 1339 1197 1400 domi·

92 1417 226 1481 natione
253 1425 477 1496 permaneant,
498 1414 732 1497 velqnicquid
760 1413 806 1474 ibi
832 1414 984 1500 deinceps
1007 1419 1113 1481 facere
1135 1444 1197 1484 vo-

92 1499 207 1575 lueris,
230 1498 371 1559 liberam
387 1499 420 1558 in
449 1496 594 1559 omnibus
619 1496 735 1560 habeas
757 1503 951 1578 potestatem.
984 1498 1038 1564 ·Et
1060 1500 1088 1561 si
1107 1501 1195 1566 ullus

94 1581 264 1662 quislibet,
286 1581 376 1660 quod
400 1579 542 1642 fiendum
564 1599 714 1640 essenon
741 1578 851 1656 credo,
873 1581 899 1640 si
924 1580 1041 1663 aliquis
1061 1583 1101 1646 de
1117 1607 1197 1668 pro-

13 1665 16 1668 ’
93 1663 229 1744 pinquis
251 1663 345 1738 meis,
375 1661 426 1724 vel
453 1660 614 1742 quaelibet
640 1661 702 1719 alia
729 1681 867 1741 persona
888 1660 952 1724 hoc
974 1673 1116 1727 emutare
1141 1669 1196 1729 vel

95 1754 255 1804 temerare
278 1743 533 1825 praesumpserit,
555 1742 672 1804 inferat
695 1739 753 1802 tibi
775 1751 900 1804 tantum
928 1756 1086 1826 quantum
1107 1748 1195 1830 ipsae

97 1845 151 1886 res
182 1825 361 1900 valuerint,
383 1836 415 1887 et
438 1825 571 1907 insuper
592 1823 631 1883 ad
650 1834 769 1905 partem
790 1823 859 1886 fisci
882 1847 961 1886 auro
984 1828 1095 1891 uncias
1117 1839 1197 1892 tant.

96 1917 231 1988 argento
254 1907 351 1968 libras
370 1915 476 1968 tantas
500 1915 628 1968 coactus
654 1906 815 1983 exsolvat,
835 1914 867 1966 et
892 1909 982 1990 quod
1005 1911 1124 1992 repetit
1145 1911 1198 1972 ni-

93 1986 144 2048 hil
175 1988 346 2066 evindicet,
367 1990 423 2052 sed
458 2009 609 2071 praesens
636 1986 717 2048 haec
741 1987 875 2071 epistola
905 1991 1085 2072 adoptionis
1108 1992 1198 2054 omni

93 2080 239 2152 tempore
261 2070 351 2131 firma
373 2079 416 2135 et'
431 2070 554 2132 stabilis
576 2079 778 2153 permaneat,
799 2090 873 2133 cum
895 2073 1102 2160 stipulatione
1125 2077 1197 2139 sub-

95 2173 189 2220 nexa.
227 2151 354 2216 Actum.
388 2155 435 2218 ‘Et
452 2152 591 2235 reliqua.
1085 2179 1088 2188 ·

479 2303 555 2366 Alica
581 2301 621 2364 de
643 2277 754 2364 eudoni
777 2283 826 2368 re.¹

175 2445 262 2510 LIX.
302 2447 373 2530 Ego
393 2445 433 2518 ,in
458 2444 521 2508 Dei
545 2443 676 2506 nomine
705 2444 774 2508 ille.
832 2445 919 2510 Dum
946 2450 1085 2534 peccatis
1117 2457 1197 2518 meis

92 2530 286 2593 facientibus
310 2531 437 2591 orbatus
460 2551 530 2590 sum
556 2527 633 2614 liliis
656 2527 887 2610 meis,placuit
905 2531 943 2592 ut
961 2535 992 2593 te'
1013 2533 1117 2612 illum,
1133 2559 1198 2599 una

94 2633 349 2682 cumconsensu
371 2610 469 2694 patris
494 2611 552 2688 tui,
574 2610 608 2669 in
630 2608 759 2671 civitate
782 2609 837 2670 illa
859 2633 933 2674 cum
956 2616 1046 2676 curia
1065 2620 1198 2700 publica

94 2704 129 2756 et
150 2695 320 2759 defensore
349 2695 389 2756 de
418 2701 571 2776 potestate
595 2691 692 2772 patris
719 2693 872 2756 naturalis
893 2695 1141 2764 descendentem
1164 2711 1197 2764 et

96 2777 131 2836 in
145 2799 246 2836 meam
260 2785 447 2859 potestatem
470 2775 651 2837 venientem
668 2775 702 2833 in
719 2773 828 2837 locum
845 2777 988 2838 filiorum
1001 2780 1196 2864 adoptarem,

97 2859 187 2939 quod
206 2860 251 2919 ita
271 2868 302 2920 et
327 2857 401 2920 feci.
447 2857 495 2918 Ea
521 2877 598 2919 vero
623 2856 747 2919 ratione
777 2867 814 2918 ut
843 2860 988 2941 quandiu
1017 2863 1194 2946 advixero,

97 2941 221 3006 vietum
241 2949 274 3003 et
292 2942 464 3017 vestitum,
484 2947 548 2998 tam
574 2938 606 2998 in
636 2939 729 3000 dorso
748 2960 844 3020 quam
863 2941 897 2999 in
924 2941 1028 3019 lecto,
1049 2967 1108 3026 seu
1127 2950 1198 3009 cal.

98 3021 275 3100 ciamento,
305 3023 384 3082 mihi
409 3021 443 3081 in
468 3021 616 3082 omnibus
646 3020 846 3082 sufficienter
873 3022 1037 3103 impertias
1066 3039 1097 3088 et
1117 3051 1196 3111 pro-

96 3115 202 3182 c'ures,
239 3113 272 3165 et
296 3125 476 3166 omnesres
499 3125 594 3181 meas,
616 3123 827 3185 quascunque
847 3100 965 3166 habere
988 3104 1112 3187 videor,
1130 3118 1197 3170 tam

93 3187 129 3247 in
155 3208 282 3263 mansu,
304 3187 414 3264 vinea,
435 3195 545 3268 prato,
566 3184 711 3268 peculio,
734 3205 797 3246 seu
824 3183 951 3267 reliqua
977 3191 1196 3271 suppellectili

93 3269 227 3344 domus,
254 3268 343 3330 salvo
374 3269 443 3329 inre
469 3289 560 3346 meo,
589 3267 764 3346 diligenter
792 3266 928 3328 excolas.
968 3269 1046 3340 Post
1074 3274 1196 3336 obitum

93 3357 224 3432 quoque
247 3373 375 3429 meum,
415 3349 498 3412 sicut
521 3349 539 3408 al
567 3369 618 3409 me
640 3356 808 3429 generatus
831 3347 964 3428 fuisses,
986 3349 1029 3411 ita
1051 3353 1084 3414 in
1106 3357 1196 3417 omni

91 3433 369 3498 hereditatemen
395 3453 453 3516 per
483 3430 567 3491 hanc
595 3429 761 3512 epistolam
796 3431 976 3516 adoptionis
1010 3437 1117 3499 statim
1151 3440 1194 3502 sis

92 3533 307 3593 successurus,
329 3517 383 3596 vel
412 3509 568 3596 quicquid
588 3513 627 3573 de
650 3512 839 3594 supradictis
863 3514 958 3577 rebus
980 3517 1071 3597 meis,
1094 3542 1194 3603 quan-

91 3606 270 3678 tascunque
293 3598 432 3658 moriens
461 3593 675 3675 dereliquero,
707 3595 813 3658 facere
833 3597 994 3672 volueris,
1025 3599 1094 3665 inre
1116 3627 1194 3688 pro-

90 3681 245 3760 prietario
280 3681 397 3762 absque
430 3676 623 3759 repetitione
651 3676 806 3738 heredum
830 3701 975 3741 meorum
996 3681 1129 3750 liberam
1161 3697 1194 3748 et

90 3761 300 3822 firmissimam
327 3763 361 3822 in
392 3762 538 3823 omnibus
566 3757 691 3842 habeas
708 3768 904 3841 potestatem.
957 3765 1054 3840 Quod
1081 3769 1108 3830 si
1137 3769 1194 3830 ali·

90 3843 257 3926 quishcc
283 3854 403 3912 temere
435 3841 575 3904 emutare
595 3841 744 3914 voluerit
762 3886 772 3920 ,
804 3843 924 3916 inferet
956 3845 1016 3904 tibi
1051 3859 1129 3916 tant,
1160 3861 1193 3912 et

89 3927 180 4007 q'uod
215 3927 332 4008 repetit
358 3926 522 3988 vindicare
551 3945 616 3982 non
644 3925 769 4002 valeat,
788 3923 855 3986 'sed
879 3947 1031 4008 praesens
1059 3932 1191 4017 epistola

85 4007 188 4090 omni
204 4015 358 4093 tempore
374 4009 463 4068 firma
496 4014 689 4090 permaneat.
729 4005 775 4070 Et
793 4005 928 4090 reliqua.
