2734 4990
157 263 232 340 446
615 279 806 336 romaniae

156 423 360 489 securitatem
390 420 450 503 ipsi
475 420 600 482 bomini
625 422 784 498 facerent,
805 421 899 484 sicuti
928 424 1136 490 etfeeeruut.
1176 425 1264 488 Etsi

157 507 273 590 aliquis
298 505 498 588 postmodum
516 527 590 565 eum
609 505 648 566 de
670 505 901 586 compositione
917 507 1084 568 remallare
1106 507 1266 584 voluerit,

157 602 193 654 ut
213 611 280 672 ipse
303 589 478 672 Episcopus
492 588 543 648 rel
562 607 758 649 successores
773 588 842 649 eius
862 609 919 648 seu
941 598 1069 670 agentes
1085 588 1191 673 ipsum
1207 589 1267 650 ho-

155 675 275 735 miuem
301 673 340 732 de
361 671 421 732 hac
441 691 535 730 causa
549 671 679 730 omniuo
693 671 861 730 defensare
879 669 1026 750 debeant,
1042 680 1096 731 aut
1111 673 1268 734 restitue-

154 777 189 820 re
213 756 244 818 ei
267 755 543 816 debeauttantum
571 761 725 835 quantum
751 753 849 818 dedit.
889 753 1015 819 Actum.
1055 755 1098 818 Et
1119 765 1260 820 caetera.

477 919 479 924 -
586 877 661 938 Alia
684 880 844 945 securitas.

237 994 366 1063 CXXV.
407 998 489 1056 Cum
512 995 681 1056 resedisset
701 993 840 1056 inluster
861 993 911 1058 vir
925 995 994 1058 ¹ille
1021 997 1135 1059 Comes
1159 995 1194 1058 iu
1220 997 1269 1058 il-

152 1085 186 1146 lo
207 1082 305 1142 mallo
326 1079 456 1162 publico
482 1079 520 1138 ad
543 1078 766 1138 universorum
786 1099 894 1140 causas
919 1079 1094 1144 audiendas
1119 1080 1172 1142 rel
1191 1101 1266 1142 rec·

152 1177 185 1228 ta
206 1164 327 1226 iudicia
343 1161 553 1237 terminanda,
577 1160 686 1242 ibique
703 1160 836 1222 veniens
853 1171 915 1222 etc.
936 1174 970 1222 ut
983 1182 1079 1245 supra
1100 1181 1173 1246 pag.
1186 1161 1263 1240 403.

154 1295 311 1380 Securitas
333 1294 367 1356 in
390 1315 459 1354 eum
478 1293 532 1374 qui
558 1312 617 1374 per
636 1294 753 1352 iussum
772 1292 864 1374 Regis
893 1294 1029 1378 aliquem
1048 1294 1264 1376 persequitur.

233 1409 378 1474 CXXVI.
420 1409 486 1486 Qui
508 1407 615 1488 regiae
635 1407 834 1490 obtemperet
863 1407 1009 1484 iussioni,
1031 1407 1174 1489 experiri
1190 1429 1266 1468 ma-

153 1496 223 1556 lum
247 1495 280 1552 in
304 1492 504 1575 pasterumb
533 1490 679 1571 quolibet
707 1513 772 1552 non
798 1491 903 1557 debet.
946 1490 1056 1571 igitur·
1071 1511 1144 1550 cum
1164 1499 1197 1552 et
1220 1492 1266 1552 il-

153 1578 185 1638 le
209 1599 281 1638 cum
297 1575 433 1654 reliquis
452 1573 582 1655 paribus
596 1574 673 1649 suis,
694 1575 834 1655 quicum
855 1573 957 1635 secuti
969 1574 1114 1651 luerunt,
1131 1573 1267 1636 facien·

107 1657 111 1662 ¹
153 1669 186 1721 te
207 1659 331 1721 rebello
347 1657 441 1718 illum
469 1655 631 1718 interfecit
654 1667 714 1722 etc.
736 1668 770 1717 ut
792 1677 888 1739 supro
906 1677 979 1742 pag.
1002 1655 1072 1732 504.
1096 1719 1099 1728 ,

557 1793 592 1856 V
588 1794 708 1857 enditio
736 1795 776 1858 de
799 1817 843 1861 re.

233 1912 393 1976 CXXVII.
434 1909 605 1994 Magnifice
631 1909 664 1969 in
688 1909 814 1971 Christo
836 1910 926 1972 fratri
943 1909 993 1971 illi
1022 1913 1171 1996 emptori,
1197 1937 1264 1998 ego

151 1997 304 2059 venditor
328 1997 395 2059 ille.
447 1995 578 2054 Constat
599 2013 649 2053 me
678 1993 734 2052 tibi
768 2013 832 2054 non
856 1993 1043 2076 imaginario
1079 1997 1168 2074 iure,
1199 2000 1263 2060 sed

149 2079 278 2163 propria
301 2079 352 2139 vel
373 2086 551 2159 spontanea
570 2077 732 2136 voluntate
756 2077 950 2151 vendidisse,
985 2085 1016 2137 et
1043 2076 1086 2138 ita
1110 2080 1262 2158 vendidi,

150 2161 336 2236 tradidisse,
360 2170 392 2220 et
419 2161 462 2217 ita
488 2158 625 2234 tradidi,
652 2157 714 2219 hoc
741 2169 803 2234 est,
836 2160 975 2240 aliquam
999 2181 1068 2222 rem
1090 2182 1192 2221 meam
1224 2162 1262 2222 iu

148 2265 230 2326 pago
249 2243 318 2317 illo,
345 2242 379 2300 in
405 2241 476 2302 loco
500 2250 684 2323 nuncupato
715 2241 784 2319 illo,
806 2261 903 2323 super
927 2241 1028 2302 fluvio
1049 2243 1119 2320 illo,
1140 2241 1261 2322 idest,

149 2347 295 2386 mansum
321 2345 422 2382 unum
445 2323 502 2406 qui
532 2323 610 2381 mihi
638 2345 677 2384 ex
700 2333 791 2404 parte
821 2323 975 2405 genitoris
1003 2345 1061 2384 seu
1089 2325 1262 2406 genitricis

149 2406 346 2472 hereditario
371 2405 440 2466 iure
470 2406 643 2481 successit,
673 2407 849 2466 cumomni
872 2404 1020 2465 aedilicio
1043 2407 1261 2488 supraposito,

148 2511 276 2551 necnon
295 2489 432 2550 detersa
446 2488 556 2546 arabili
573 2489 728 2568 adipsum
741 2509 884 2548 mansum
900 2488 1096 2569 adspiciente
1110 2491 1162 2551 vet
1183 2513 1263 2571 per-

148 2573 272 2633 tinente
296 2569 454 2629 bunuaria
483 2579 578 2644 tanta,
600 2571 748 2631 similiter
775 2579 807 2633 et
831 2571 869 2632 de
891 2580 981 2650 prato
1001 2571 1160 2631 bunuaria
1180 2581 1262 2632 tan-

150 2666 193 2731 ta,
218 2654 268 2714 rel
300 2652 456 2736 quicquid
480 2651 643 2734 adipsum
673 2675 815 2713 mansum
850 2652 1013 2734 pertinere
1053 2653 1260 2732 dinoscitur,

147 2746 251 2799 toturn
274 2745 306 2796 et
327 2735 366 2794 ad
393 2736 553 2816 integrum
576 2736 635 2794 tibi
662 2735 824 2816 perhanc
852 2735 1031 2796 chartulam
1056 2737 1261 2797 venditionis

148 2819 217 2881 sire
243 2839 301 2900 per
331 2818 483 2877 festucam
505 2825 601 2898 atque
621 2837 680 2898 per
702 2819 918 2899 andelangum
944 2819 1047 2895 dono,
1070 2819 1180 2896 trado,
1202 2829 1261 2878 at-

148 2923 211 2984 que
240 2901 471 2982 perpetualiter
496 2899 528 2957 in
552 2901 698 2960 omnibus
719 2902 906 2964 transfirmo.
925 2911 928 2918 '
948 2900 1042 2960 Unde
1071 2901 1218 2982 accipere
1239 2903 1261 2963 al

147 2993 179 3046 te
202 2985 288 3044 visus
307 3005 376 3043 sum
399 2981 546 3065 pretium,
568 2983 600 3042 id
622 2993 677 3059 est,
700 2983 818 3044 solidos
835 2983 979 3043 valentes
999 2992 1113 3058 tantos,
1136 2983 1259 3064 inquo

146 3067 227 3128 mihi
252 3064 445 3146 complacuit
463 3075 557 3146 atque
580 3066 741 3130 convenit.
783 3067 824 3126 Et
849 3087 907 3148 pro
931 3066 999 3146 ipso
1027 3067 1142 3144 prelio,
1168 3067 1260 3127 sicut

146 3150 294 3232 superius
319 3148 398 3226 diri,
420 3145 525 3228 ipsum
548 3169 692 3208 mansum
722 3147 780 3208 tibi
810 3169 916 3208 coram
941 3147 1087 3230 pluribus
1116 3149 1258 3212 testibus

147 3232 264 3294 tradidi
288 3242 383 3311 atque
407 3229 572 3310 delegavi;
605 3229 638 3288 in
665 3251 701 3290 ea
724 3253 800 3291 vero
826 3230 948 3290 ratione
971 3239 1007 3288 ut
1036 3231 1053 3290 al
1084 3229 1134 3304 die
1156 3253 1259 3312 prae-

145 3324 235 3377 sente
256 3313 317 3374 hoc
346 3311 473 3387 habeas,
500 3320 619 3387 teneas,
642 3322 737 3394 atque
758 3313 930 3394 possideas,
954 3311 1004 3372 rel
1027 3313 1180 3394 quicquid
1199 3334 1259 3372 ex-

146 3398 222 3457 inde
250 3397 354 3456 facere
379 3395 539 3468 volueris,
565 3395 705 3454 'liberam
733 3417 769 3456 ac
801 3395 1010 3455 firmissimam
1039 3396 1072 3453 iu
1103 3395 1257 3454 omnibus

143 3479 261 3539 habeas
283 3485 480 3559 potestatem.
522 3477 607 3537 Etsi
628 3477 784 3560 quispiam
807 3479 970 3558 deinceps,
993 3477 1080 3558 quad
1105 3477 1258 3537 futurum

145 3583 213 3623 esse
237 3582 301 3618 nou
331 3559 448 3636 credo,
482 3558 545 3620 sive
564 3573 636 3640 'ego
658 3559 745 3642 ipse,
775 3562 861 3642 quod
885 3559 987 3636 absit,
1014 3569 1068 3620 aut
1093 3560 1178 3620 ullus
1206 3560 1254 3620 de

142 3643 339 3717 heredibus,
372 3662 427 3701 seu
456 3641 621 3722 quaelibet
639 3665 794 3723 persona,
816 3653 926 3704 contra
955 3641 1038 3701 hanc
1070 3642 1257 3703 chartulam

144 3724 342 3786 venditionis
366 3723 475 3783 venire
502 3735 556 3783 aut
577 3745 647 3784 eam
672 3726 863 3786 calumniari
895 3724 1160 3805 praesumpserit,
1195 3725 1257 3785 cu'i

144 3809 236 3868 litem
272 3805 441 3880 intulerit,
479 3823 556 3864 auro
593 3808 705 3868 uncias
737 3818 854 3886 tantas,
886 3819 1018 3888 ar'gento
1043 3807 1115 3870 libr.
1147 3815 1255 3867 tantas

144 3900 273 3952 coactus
299 3888 459 3964 exsolvat,
487 3899 520 3948 et
543 3889 677 3970 insuper
700 3891 787 3970 quod
808 3891 923 3972 repetit
955 3889 1082 3948 nullum
1106 3887 1256 3948 obtineat

145 3973 313 4047 ellectum,
345 3970 402 4032 sed
428 3991 577 4054 praesens
612 3972 755 4031 venditio
784 3973 842 4032 ista
866 3982 929 4030 tam
963 3971 980 4029 ia
1008 3991 1059 4032 me
1089 3991 1185 4052 quam
1209 3969 1255 4029 ab

143 4054 317 4118 heredibus
342 4053 420 4114 meis
457 4054 619 4114 defensata
650 4054 736 4114 omni
770 4065 910 4136 tempore
943 4053 1033 4116 lirina
1065 4062 1098 4116 et
1128 4049 1256 4114 stabilis

58 4149 61 4154 “
137 4145 340 4220 permaneat,
361 4157 436 4198 curn
456 4133 664 4219 stipulatione
686 4137 839 4203 subnexa.
880 4135 997 4196 Actum
1049 4207 1053 4222 ι
