2694 4988
219 281 295 362 668
565 305 675 360 murs
704 303 995 366 umeourrurcut

217 449 289 499 treue
308 446 429 500 currum
446 455 504 498 esre
522 442 633 504 fulsum,
658 461 703 496 me
726 443 829 498 sciente
851 441 921 496 uihil
947 442 1021 496 uliud
1036 441 1085 496 uisi
1105 447 1260 510 verissimsuu

214 518 315 570 iustam
341 515 473 568 rationem
502 514 615 582 exquiro
639 513 669 564 in
698 514 823 567 omuibus
847 514 942 568 mudie.
994 516 1132 570 ostensuris
1153 520 1198 572 ita:
1217 525 1259 580 huc

214 587 309 640 utum
326 603 388 636 vere
407 592 435 636 st
451 581 551 636 idonee
568 592 617 636 eut.
654 584 682 635 Si
699 585 781 636 Deus.
817 585 907 636 Poena
923 593 965 638 ert
978 584 1082 656 utrique
1097 585 1195 641 falsaturi
1207 594 1258 656 rien,

214 665 247 708 ut
265 671 320 708 rem
339 655 450 717 refutet,
468 671 577 708 manuus
594 654 691 724 perdat
709 662 758 706 eut
773 653 897 717 redimet,
915 665 943 708 et
961 655 1104 708 seeundum
1121 655 1258 725 obligationem

215 727 326 778 ehsrtse
344 723 481 784 emendet,
509 725 530 776 si
550 725 608 796 ipse
630 724 717 787 fecit,
740 725 784 775 vei
812 724 870 776 eius
894 722 989 788 heres,
1014 728 1059 795 qui
1076 727 1149 790 feeit,
1171 740 1208 783 ιιι
1225 751 1259 786 ιιι.

215 807 311 849 uersor.
349 793 421 845 Etsi
441 793 553 846 chartae
580 803 687 848 uertunt
703 795 780 858 inter¹
793 810 822 846 se
841 803 868 846 et
892 795 1002 846 falsator
1025 794 1074 846 fuit
1095 799 1258 866 appellamur

215 875 257 918 est
275 863 429 925 convietus,
448 873 516 916 tuuc
534 881 589 916 rem
609 864 719 922 refutet,
738 875 847 916 manum
865 864 976 934 perdat,
996 873 1043 916 aur
1058 865 1168 928 redimat,
1183 867 1258 924 bannum

213 937 366 1008 persolvet:
392 943 420 985 et
437 933 518 986 etium
545 934 694 1004 aliquando
721 933 872 985 secundum
896 933 1087 1000 obligationem
1109 936 1199 990 chartae
1217 957 1259 992 ruu-

213 1005 346 1078 prubrtue
363 1003 510 1068 enrendet3
539 1004 560 1055 si
579 1003 648 1058 forte
665 1013 707 1056 est
723 1002 801 1072 heres
820 1003 894 1062 eius,
941 1003 969 1055 ui
988 1019 1045 1056 eum
1070 1003 1136 1058 fecit
1171 1009 1259 1062 Osteruri

212 1091 287 1136 veru,
317 1073 338 1124 si
358 1083 399 1124 est
418 1074 580 1144 appelletur,
599 1090 655 1126 rem
674 1073 787 1144 perdst,
807 1019 942 1140 widrigili
960 1073 1070 1135 tribuat,
1087 1091 1180 1128 murum
1195 1081 1258 1157 perdat

213 1144 333 1195 bannum
351 1143 495 1214 persolvat.
534 1143 561 1194 Si
582 1152 623 1195 est
640 1143 800 1213 appellatur,
819 1158 875 1195 rem
895 1143 1005 1204 refutet,
1025 1161 1098 1194 suum
1118 1146 1222 1210 widrigild
1234 1151 1259 1199 ιιι·

214 1213 292 1274 burt,
320 1229 428 1264 manuus
446 1211 549 1284 perdat.
587 1212 616 1264 Si
637 1230 701 1267 reru
719 1213 829 1266 falsator
852 1211 1045 1278 Longuburdur
1065 1214 1185 1278 noluerit,
1203 1226 1259 1287 utprr

213 1283 318 1336 Delium
337 1293 505 1348 reurgetur,
531 1282 581 1334 sed
598 1291 705 1338 tautum
723 1299 771 1352 per
792 1293 993 1337 recrementum
1010 1283 1045 1334 lis
1062 1283 1168 1349 finiatur,
1180 1290 1258 1346 tuctu

214 1363 246 1408 ιιι
265 1369 346 1426 mun
365 1354 484 1407 diximus
502 1353 531 1405 iu
550 1353 672 1422 capitulo
691 1352 804 1406 widonis

296 1426 341 1491 sl.
383 1427 431 1484 De
452 1424 644 1485 invertituru
665 1424 787 1504 praedii
818 1421 845 1484 si
866 1421 1043 1484 ‘eontentio
1069 1421 1142 1502 fuit,
1166 1422 1257 1485 similiter

213 1493 250 1578 ut
271 1527 329 1590 pur
352 1525 490 1588 pugnem
513 1505 630 1568 veritus
656 1505 867 1579 decernetur,
890 1503 1055 1568 edicimus.
1099 1505 1136 1565 ΙΙ.
1155 1506 1230 1580 ttrt

283 1605 365 1642 runs.
401 1591 507 1642 Dumue
529 1587 640 1640 Comes:
665 1587 717 1640 hue
736 1587 804 1640 dicit
821 1587 925 1650 Petrus,
966 1588 1021 1640 uod
1035 1587 1145 1640 deterre
1174 1589 1251 1640 ruircrt

212 1657 242 1710 iu
259 1659 309 1711 tali
327 1661 398 1720 lucu,
416 1658 558 1712 investitus
576 1667 617 1710 eut
636 1657 671 1709 ad
687 1657 831 1728 proprium.
868 1657 929 1710 Huc
946 1603 1013 1710 (iicu
1032 1673 1086 1722 egu,
1109 1605 1172 1728 quui
1184 1673 1247 1722 egum

212 1729 355 1782 investitus
374 1727 409 1779 ad
427 1727 562 1798 proprium
575 1729 609 1782 de
627 1729 684 1799 ipra
701 1736 780 1789 terra,
796 1745 852 1782 nun
868 1725 936 1796 ipse.
963 1731 1067 1788 lureut,
1086 1728 1150 1780 sicut
1163 1726 1226 1781 dicut.
1235 1733 1248 1776 rt

213 1795 315 1851 faciant
329 1815 456 1868 pugnum,
467 1805 494 1850 et
506 1806 537 1848 ut
553 1797 645 1849 nuilus
660 1797 737 1850 elteri
757 1797 856 1849 debeat
877 1797 975 1851 ardire.
994 1799 1071 1850 Putre
1083 1807 1109 1848 te
1125 1797 1250 1868 appellrtfu

212 1867 297 1932 tinus,
318 1867 392 1940 quud
409 1867 467 1937 ipse
485 1865 536 1919 fuit
554 1866 697 1920 investitus
715 1868 749 1919 ud
766 1867 902 1938 proprium
913 1867 949 1920 de
967 1877 1043 1920 sexte
1059 1876 1129 1937 parte
1145 1865 1252 1933 unirsprtiu

213 1934 248 1990 de
266 1948 346 1998 terra,
393 1955 444 1990 uae
462 1937 535 1990 iacet
551 1937 645 1989 intuli
670 1939 740 1990 locu.
778 1937 811 1989 Et
833 1947 864 1990 ιιι
883 1939 958 1990 mulo
976 1937 1071 1990 ordine
1089 1955 1143 1988 eum
1159 1931 1254 1988 disvestire.

199 2006 273 2074 ,Huc
291 2009 358 2063 dicit
373 1955 487 2060 ίἐιιιιιιε
506 2008 633 2074 vigesima
650 2026 710 2078 pars
726 2009 761 2060 de
778 2015 855 2060 sexta
875 2017 954 2077 parte
980 2009 1015 2060 de
1032 2007 1079 2059 illa
1095 2006 1158 2076 petie
1175 2005 1255 2062 detur,

213 2097 295 2163 qluam
313 2089 344 2133 tu
363 2079 442 2142 dieis,
462 2096 510 2132 suu
532 2079 639 2159 propria
657 2088 713 2131 est:
742 2077 775 2130 Et
792 2077 850 2147 ipse
867 2085 896 2129 te
920 2080 995 2132 malo
1020 2078 1110 2130 urdine
1131 2091 1173 2128 uec
1192 2074 1215 2126 de
1230 2073 1257 2149 ilie

211 2149 351 2210 vicesima,
371 2166 423 2202 nec
441 2147 475 2200 de
494 2147 553 2200 aliu
570 2147 691 2218 partibus
709 2147 783 2198 illius
800 2156 893 2198 sextae
911 2155 940 2200 te
960 2165 1017 2200 non
1035 2145 1173 2199 disvestirit.
1205 2145 1257 2194 Vise

212 2216 420 2270 erdir'eWofu.
457 2219 491 2270 Et
504 2227 534 2269 tu
553 2221 592 2270 vis
608 2227 636 2270 te
655 2216 822 2269 defendere?
840 2217 917 2270 Volo.
954 2217 1188 2286 Vadiatepuguau.
1213 2216 1258 2264 rere

211 2297 241 2355 te
269 2290 390 2360 appellat
413 2287 566 2352 Martinus,
588 2288 662 2357 quod
680 2288 735 2358 ipse
754 2287 805 2340 fuit
822 2286 966 2340 investitus
987 2288 1021 2340 de
1039 2289 1108 2358 petia
1124 2301 1167 2336 uns
1180 2283 1259 2360 detera

213 2364 285 2430 quae
297 2359 370 2410 iacet
387 2358 478 2409 intuli
493 2358 565 2419 locu,
586 2369 613 2410 et
627 2367 657 2409 ιιι
675 2359 746 2408 malo
762 2355 855 2407 ordine
870 2373 930 2408 eum
951 2357 1100 2410 disvestisti,
1119 2355 1166 2406 Huc
1180 2351 1260 2404 diutPr·

212 2437 279 2488 trus‚
300 2428 374 2496 quud
393 2428 427 2478 de
445 2428 503 2496 ipra
526 2435 597 2478 term
614 2427 672 2496 ipse
697 2436 737 2478 est
760 2426 920 2489 investitur,
947 2437 976 2482 et
1000 2436 1033 2480 te*
1053 2425 1118 2478 mulo
1141 2423 1212 2476 urdine
1229 2436 1260 2468 uu

232 2497 373 2558 iuvestivit‚
392 2497 436 2549 vel
447 2498 502 2566 ipsa
518 2505 589 2550 terra
607 2516 655 2550 sua
671 2498 777 2568 propria
796 2508 847 2558 est,
861 2506 891 2554 et
908 2505 936 2549 te
953 2499 1027 2550 melu
1046 2497 1132 2549 ordine
1147 2511 1189 2546 nur
1203 2491 1261 2565 disver-

211 2567 283 2621 tivit.
320 2569 398 2619 Petre
417 2574 444 2616 te
464 2567 585 2636 appellat
601 2567 743 2629 Martinus,
763 2567 838 2636 quud
856 2583 915 2636 perr
934 2568 1091 2622 Munarterii
1107 2562 1179 2618 sancti
1194 2559 1261 2614 ruffini.

211 2635 286 2690 stude
304 2645 345 2687 est
363 2635 530 2697 Advocatum
549 2635 601 2688 suit
618 2635 747 2690 investita
764 2637 799 2689 ad
816 2637 953 2708 proprium
973 2639 1009 2692 de
1027 2655 1079 2689 uua
1096 2635 1161 2704 petie
1176 2631 1201 2683 de
1213 2639 1260 2684 trus·

194 2719 284 2780 ·quae
301 2707 374 2758 iacet
399 2705 428 2759 in
453 2705 503 2757 tali
522 2707 591 2758 locu.
628 2705 664 2759 Et
680 2725 739 2778 pars
757 2704 911 2760 Monasterii
932 2709 959 2760 S.
980 2707 1060 2770 Petri,
1079 2705 1145 2758 unde
1165 2709 1189 2754 ιι
1203 2695 1262 2748 esid-

210 2785 334 2838 vucatus‚
349 2772 506 2828 'disvestivit
524 2793 582 2828 eum
599 2778 673 2828 maio
694 2776 795 2829 ordine.
833 2777 893 2846 Ipsa
919 2777 996 2846 petia
1020 2777 1053 2828 de
1076 2783 1153 2835 terra,
1171 2785 1230 2889 §uam
1245 2775 1261 2816 ιι
1287 2789 1288 2844 3

211 2847 291 2913 dieis.
313 2843 419 2918 propria
437 2856 478 2897 ert
495 2847 651 2899 monasterii
668 2846 749 2916 partis
769 2848 794 2898 S.
813 2845 895 2906 Petri,
915 2848 990 2899 unde
1009 2863 1056 2912 ego
1078 2863 1131 2896 sum
1152 2841 1168 2892 f
1186 2844 1260 2889 vocaus.
1287 2865 1288 2878 ι

210 2915 245 2970 Ει
263 2917 321 2987 ipsu
339 2917 410 2972 melo
430 2915 524 2970 ordine
541 2925 646 2986 partem
665 2917 690 2968 S.
720 2917 835 2979 fluffini,
862 2915 936 2969 unde
961 2925 992 2968 ιιι
1019 2934 1047 2969 es
1071 2915 1213 2968 Admetus,
1231 2920 1261 2955 uu

211 2985 371 3056 disvestivit.
408 2987 486 3038 Petre
505 2995 533 3038 te
552 2987 674 3056 appellat
691 2987 843 3050 Martinus,
873 2985 947 3055 quod
965 2986 1023 3056 ipse
1049 2983 1098 3038 fuit
1124 2971 1262 3034 iuvestitrsrd

210 3057 348 3132 proprium
367 3057 401 3108 de
419 3056 494 3137 petia
522 3074 577 3108 una
603 3055 637 3108 de
660 3066 749 3116 terra‚
772 3073 844 3126 quae
862 3056 935 3110 iacet
952 3056 981 3110 in
1000 3056 1049 3112 tali
1065 3055 1132 3113 lucu,
1149 3059 1171 3102 et
1184 3055 1205 3098 tu
1219 3041 1261 3116 rulo¹

212 3129 307 3189 ordine
326 3137 387 3184 eum
403 3125 543 3180 divertisti.
580 3125 691 3178 Terram
708 3125 797 3178 haheo
819 3125 921 3196 inipso
940 3127 1014 3190 loco,
1032 3121 1167 3179 seduescio
1182 3111 1260 3197 §ioqui

211 3209 243 3252 tu
271 3199 345 3253 dicis.
382 3198 437 3249 Det
461 3195 571 3252 radium
590 3196 625 3247 de
652 3196 825 3260 consignare,
854 3205 883 3249 et
905 3195 913 3246 i
936 3214 964 3248 se
986 3213 1046 3248 reus
1070 3195 1097 3245 in
1118 3191 1222 3256 iudicum
1239 3197 1261 3259 re·

210 3268 343 3328 uerteudi.
380 3267 458 3320 Putre
476 3276 504 3320 te
529 3267 650 3336 appellat
672 3265 823 3328 Martinus,
853 3215 984 3335 quotide
1002 3275 1080 3328 terra,
1105 3278 1165 3331 quae
1183 3255 1261 3329 iactflffl

211 3332 352 3406 teli'lucu,
372 3337 424 3391 fuit
450 3335 509 3406 ipse
534 3337 677 3389 investitus
704 3335 738 3387 ad
759 3335 895 3406 proprium
921 3344 949 3388 et
965 3338 1037 3387 malo
1057 3333 1143 3386 urdine
1165 3343 1211 3378 eurr
1230 3319 1261 3396 du·

211 3409 325 3473 vestitui.
362 3409 425 3477 Ipsa
441 3415 513 3460 terra
532 3405 600 3458 mihi
620 3423 747 3458 concessa
764 3415 805 3459 est
831 3423 879 3474 per
904 3407 1115 3463 usumfructum,
1139 3405 1178 3450 aut
1194 3410 1227 3463 per
1242 3390 1261 3437 lr-

211 3467 327 3540 b‘ellirm
348 3485 375 3527 et
394 3494 442 3542 ego
462 3477 533 3528 malo
556 3477 650 3528 ordine
667 3486 696 3528 te
713 3494 767 3528 non
786 3473 931 3530 disvestivi.
971 3479 1013 3528 itu
1030 3483 1116 3526 tumeu
1129 3479 1155 3522 ut
1170 3460 1260 3542 ostend&

212 3538 332 3620 qu'ulit'er
349 3543 400 3597 sibi
419 3547 453 3598 sit
473 3563 601 3598 concessu
619 3564 666 3616 per
683 3547 891 3608 usumfructum,
912 3554 939 3598 et
952 3555 1051 3616 postea
1067 3543 1158 3621 bellum
1173 3527 1259 3614 fsffflfdf

211 3620 284 3670 meio
302 3615 402 3668 ordine.
439 3617 517 3669 Putre
535 3625 564 3669 te
582 3616 702 3686 appellat
720 3615 863 3676 Martinus,
882 3617 957 3684 quod
977 3617 1034 3686 ipse
1055 3612 1104 3665 fuit
1120 3612 1229 3662 investitur
1241 3597 1258 3644 de

210 3688 286 3760 petia
305 3704 358 3739 una
380 3687 523 3746 deterre,
546 3703 616 3756 quae
636 3685 709 3736 iacet
726 3687 754 3736 in
772 3684 823 3737 tali
846 3685 927 3747 lucu,
957 3703 1026 3756 quae
1045 3691 1083 3735 est
1099 3698 1143 3750 per
1156 3681 1258 3727 mensuret¹

209 3761 301 3826 iugera
319 3765 408 3817 tauta,
428 3766 456 3810 et
476 3755 749 3820 babetuphereutias
771 3756 847 3807 tales.
891 3756 998 3807 Terram
1015 3753 1099 3806 habeo
1114 3752 1139 3802 iu
1154 3747 1200 3814 ipso
1216 3741 1257 3813 ¹⁰⁶&

210 3831 258 3897 sed
276 3829 367 3883 nescio
386 3825 419 3878 de
443 3827 519 3895 quali
536 3834 568 3878 tu
594 3825 669 3878 dicis.
707 3825 760 3890 Ego
779 3824 841 3877 dicu
868 3825 928 3890 tibi,
949 3841 1081 3878 mensuras
1098 3831 1123 3874 et
1140 3815 1258 3870 coherente

209 3917 268 3957 nun
282 3906 391 3968 opertet
409 3895 575 3960 consignare.
611 3896 665 3961 Ego
683 3893 772 3946 habeo
791 3896 858 3946 duas
881 3896 969 3964 petius
989 3896 1022 3946 de
1039 3903 1104 3946 terra
1120 3891 1145 3940 in
1159 3887 1203 3954 ipso
1215 3880 1257 3956 ¹¹⁰⁶&

209 3973 256 4038 uei
274 3978 402 4040 quatuor,
419 3982 494 4037 quae
509 3965 613 4018 habeut
628 3968 697 4034 ipsas
714 3965 892 4018 coherentius.
929 3965 1027 4019 Nescio
1046 3963 1078 4016 de
1094 3957 1160 4030 quali
1173 3965 1197 4006 ιι
1210 3948 1256 3998 drus.

210 4059 272 4110 ”⁰¹¹-
290 4047 382 4109 patest
406 4037 540 4101 evadere,
570 4035 644 4104 quod
670 4053 725 4086 non
750 4037 832 4088 vadat
856 4034 1018 4102 consignare.
1053 4035 1123 4098 Putre
1139 4015 1257 4106 te'rppeflrt
1285 4051 1286 4066 ι

212 4111 357 4176 Martinus,
377 4107 451 4178 quud
472 4107 529 4176 ipse
548 4105 607 4162 fuit.
618 4106 761 4158 investitus
780 4105 813 4158 de
832 4115 937 4174 quanta
955 4113 1068 4158 terratu
1085 4111 1190 4154 tenerur
1207 4091 1256 4146 ⁸⁶8²·

212 4181 276 4264 ¹³3¹st
299 4189 386 4259 ettu
410 4177 481 4233 malo
500 4176 594 4256 urdine
619 4193 680 4257 eum
705 4176 859 4255 dievestisti.
892 4177 1004 4256 ¹Terram
1020 4173 1103 4226 habeo
1119 4158 1255 4234 iuipruiucu

213 4251 265 4321 ser}
279 4266 372 4310 uerum
396 4248 436 4312 ie,
451 4248 526 4316 quati
546 4255 576 4302 tu
602 4247 679 4311 dieu,
701 4263 766 4315 qum
784 4245 871 4300 lruheo
890 4263 918 4297 m
937 4264 995 4320 ipsu
1016 4247 1074 4300 loro
1097 4257 1138 4316 per
1160 4228 1255 4288 ruodmwi
