2676 4976
462 353 746 410 annuntiasses
967 423 974 440 .
1091 333 1164 422 '⁵05

411 494 530 581 Incipit
550 491 794 559 sacramentalis.

131 660 134 666 .
166 601 232 670 XV.
267 601 358 666 Breve
378 599 585 676 sacramenti,
615 597 757 679 qualiter
778 605 812 660 et
836 615 917 679 quos
943 597 1164 679 praesentibus

90 687 238 768 ingressus
265 693 306 744 est
324 681 576 759 homo,nomeu
611 680 682 760 illi,
712 679 893 742 Andecavis
919 678 1080 756 civetate,
1110 681 1164 744 die.

91 769 156 842 illo,
176 766 250 848 quod
270 764 341 824 fecit
365 765 485 826 mensis
512 764 561 825 illi
587 763 655 824 dies
678 771 795 839 tantus,
818 762 852 822 in
877 761 1018 822 basileca
1045 762 1163 824 domne

91 847 180 909 illius.
215 850 325 907 iuratus
346 847 444 908 dixit:
471 847 535 908 Per
557 845 645 906 buno
668 845 872 906 locosancto
895 853 928 904 et
955 843 1065 903 divina
1093 867 1164 905 om·
1228 893 1232 904 .

91 925 140 990 nia
158 951 226 1012 quae
241 928 289 994 bic
310 939 460 1011 aguntur,
482 950 564 1010 qnae
583 927 638 988 bic
658 929 727 987 Deo
745 927 872 1009 plenius
895 925 1084 1003 offeruntur,
1106 949 1164 988 un·

89 1011 209 1072 demilri
228 1008 330 1090 bomo,
354 1033 473 1073 nomen
501 1012 562 1088 illi,
592 1009 834 1090 interpellabat,
863 1029 902 1074 eo
929 1009 1017 1090 quod
1039 1012 1164 1071 caballo

88 1115 138 1154 suo
155 1091 275 1169 furassit,
289 1103 346 1154 aut
376 1095 410 1154 iu
431 1103 537 1154 taxato
559 1102 632 1176 post
651 1113 701 1153 me
722 1090 892 1161 habuissit;
909 1089 971 1151 hoc
992 1093 1163 1155 coniurare

86 1175 157 1257 qued
166 1175 278 1234 caballo
294 1197 365 1254 suo,
380 1199 479 1260 quem
493 1175 573 1236 mihi
587 1175 764 1256 reputabat,
775 1195 951 1256 numquam
968 1176 1085 1254 iurari,
1102 1197 1163 1237 nec

84 1257 225 1318 consciens
245 1257 283 1315 ab
305 1258 377 1341 ipso
391 1259 566 1318 furandum
583 1279 757 1340 numquam
780 1257 904 1331 fuisset,
934 1279 995 1318 uec
1017 1268 1088 1339 post
1111 1279 1165 1320 me

80 1340 197 1404 intaxata
212 1339 277 1420 ipso
299 1341 425 1402 caballo
446 1362 621 1422 numquam
639 1338 761 1416 habui,
794 1360 854 1400 nec
874 1338 937 1401 alio
962 1340 1023 1399 tibi
1047 1341 1166 1402 exinde

79 1441 133 1479 non
158 1419 295 1499 redebio,
325 1423 390 1484 nisi
411 1424 472 1484 isto
500 1423 618 1483 edonio
641 1431 849 1498 sacramento,
870 1442 968 1503 quom
988 1423 1165 1492 iudicatum

75 1502 170 1580 habui,
191 1511 220 1563 et
239 1503 367 1587 legibus
387 1503 527 1567 transibi.
568 1505 607 1566 Id
623 1515 698 1568 sunt
718 1505 776 1588 qui
790 1507 879 1565 hunc
893 1516 1089 1568 sacramento
1113 1528 1166 1566 au·

75 1584 200 1661 dierunt,
216 1589 364 1651 manibus
388 1609 500 1650 eorum
520 1588 630 1650 subter
650 1588 866 1650 firmaverunt.

483 1703 601 1786 Incipit
632 1704 759 1768 noticia.

140 1807 230 1870 XVI.
272 1810 399 1874 Noticia
421 1810 563 1893 qualiter
585 1813 639 1874 vel
669 1812 787 1893 quibus
807 1812 1033 1894 praesentibus
1059 1811 1109 1871 illi
1131 1820 1163 1872 et

72 1889 112 1950 illi
132 1891 279 1976 placitum
307 1915 420 1954 eornm
440 1894 657 1956 adtendernut
680 1894 858 1958 Andecavis
880 1894 1030 1971 civetate,
1052 1892 1085 1952 in
1105 1894 1162 1954 ba·

70 1973 155 2035 sileca
176 1974 292 2036 domne
318 1975 418 2054 illius,
439 1997 498 2057 pro
521 1976 643 2037 iudicio
667 1977 726 2036 illo
747 1977 953 2059 praeposito,
983 1977 1071 2037 unde
1102 1977 1163 2038 ali·

70 2075 124 2136 qua
148 2056 281 2137 femina,
312 2079 430 2120 nomen
458 2057 677 2137 illa,·habuit
701 2058 924 2142 interpellatus
950 2080 1009 2142 pro
1038 2058 1095 2120 illa
1113 2079 1163 2136 re,

69 2136 117 2216 qui
140 2137 188 2197 illi
207 2149 239 2200 et
266 2161 436 2222 germanus
464 2163 539 2203 snos
560 2138 612 2200 illi
642 2140 683 2203 ad
712 2141 781 2224 ipso
807 2141 927 2225 placito
949 2142 1162 2219 advenerunt,

71 2228 97 2278 et
114 2217 253 2283 homines
278 2245 354 2282 snos
381 2222 436 2283 hic
467 2232 773 2304 praesentaverunt,
805 2232 843 2284 ut
867 2225 936 2306 ipso
964 2233 1163 2286 sacramento

70 2321 204 2365 excusare
233 2304 401 2366 deberent.
445 2305 525 2366 Nam
551 2305 619 2388 ipsa
645 2305 703 2365 illa
725 2308 851 2368 femena
878 2307 918 2368 ud
947 2306 1016 2390 ipso
1042 2306 1181 2390 placito·

70 2383 181 2461 adfuit,
214 2394 246 2447 et
270 2387 342 2468 ipso
377 2397 574 2448 sacramento
610 2388 751 2451 menime
781 2387 927 2472 recipere
950 2389 1075 2467 voluit,
1104 2390 1163 2472 qui

71 2463 113 2523 illi
133 2487 170 2527 ex
199 2489 352 2548 germano
381 2492 441 2531 suo
468 2469 519 2529 illi
546 2468 701 2550 placitum
727 2491 839 2532 eorum
865 2471 992 2556 legibus
1019 2473 1163 2535 custodi·
1195 2507 1197 2512 .

71 2557 162 2608 erunt.
201 2551 378 2633 Propterea
396 2551 612 2614 necessarium
631 2553 706 2630 fuit,
727 2564 764 2615 ut
788 2575 828 2617 ex
849 2553 911 2618 hoc
933 2555 1055 2618 noticia
1075 2555 1163 2620 acci-

71 2648 136 2713 pere
155 2629 320 2699 deberent.
341 2633 430 2716 quod
455 2634 500 2695 ita
524 2644 557 2696 et
576 2633 720 2702 lecimus.

438 2763 557 2849 Incipit
577 2768 772 2833 vacuaturiis.
853 2839 855 2844 Ι

141 2875 240 2941 XVll.
281 2881 368 2940 Dum
399 2878 565 2961 cognitum
597 2889 661 2957 est,
692 2881 781 2962 quod
806 2879 920 2958 homo,
953 2903 1071 2945 nomen
1099 2886 1163 2965 illi,

73 2952 238 3022 vinditione
273 2960 313 3021 de
342 2960 502 3041 integrum
532 2971 649 3027 statum
670 2984 764 3024 suum
794 2964 833 3023 ab
859 2963 1008 3043 homine,
1043 2989 1161 3030 nomeu

72 3034 130 3114 illo,
150 3051 180 3100 et
200 3041 311 3124 cogiae
334 3065 390 3103 sna
405 3043 473 3119 illa,
496 3044 617 3126 etipsa
633 3045 813 3106 vinditione
836 3066 981 3106 meneme
1000 3047 1162 3114 invenisse

73 3135 128 3176 non
151 3133 335 3202 potuerunt.
376 3125 517 3187 Proinde
551 3147 663 3186 manus
687 3135 810 3204 nostras
839 3126 980 3188 firmatus
1012 3131 1105 3193 vobis
1130 3137 1162 3194 e‘·

74 3197 246 3266 mittendam
267 3208 401 3284 curavi,
437 3206 492 3267 ubi
518 3217 548 3269 et
580 3207 636 3268 ubi
661 3207 729 3290 ipsa
754 3208 897 3270 vindicio
925 3209 1057 3272 inventa
1087 3216 1162 3276 fue·

74 3279 125 3358 rit,
152 3285 255 3348 inanis
278 3290 477 3372 permaniat,
504 3289 636 3352 ethaeo
660 3289 848 3352 vacuaturia
868 3289 957 3358 firma
973 3297 1161 3376 permaniat.

395 3419 513 3502 Incipit
533 3422 607 3480 item
628 3421 817 3486 vacuaturiu.

144 3528 267 3593 XVlll.
308 3535 395 3593 Dum
430 3543 601 3616 cognatum
621 3541 685 3601 ,est
712 3537 851 3620 qualiter
885 3529 1160 3621 aliquos'homo,

76 3627 177 3671 nomeu
198 3615 270 3693 illi,
296 3617 406 3696 aliquo
433 3615 564 3677 homine
577 3663 587 3695 ,
616 3639 733 3679 nomen
757 3619 834 3697 illo,
863 3623 1012 3684 cautione
1032 3621 1162 3688 inmissa

76 3687 172 3754 habuit
193 3719 253 3778 pro
276 3700 396 3759 factum
421 3719 531 3774 suum,
560 3720 625 3780 quo
654 3700 685 3760 ei
706 3701 899 3765 beneficium
926 3705 1004 3766 iacit
1027 3719 1161 3790 argento

75 3774 171 3836 uncias
191 3787 315 3857 tantas,
338 3790 373 3840 ut
387 3789 474 3840 mter
497 3801 602 3842 annus
623 3791 748 3862 tantus,
770 3786 1006 3868 qualecumque
1033 3789 1064 3849 ei
1091 3811 1163 3850 ser·

75 3853 172 3945 vitium
200 3860 399 3939 iniunxerit,
432 3863 462 3921 ei
491 3863 598 3924 facere
621 3865 754 3928 debiret.
809 3868 855 3930 Et
881 3868 942 3950 ipsi
965 3871 1060 3930 homo
1088 3892 1161 3932 cau·

77 3942 151 4000 tione
171 3943 308 4018 menime
330 3941 475 4004 invenire
500 3965 565 4004 nou
589 3946 719 4027 poterit.
759 3948 901 4010 Proinde
926 3971 1022 4010 mano
1041 3973 1111 4013 mea
1127 3963 1161 4015 et

78 4014 220 4110 bonorum
247 4025 412 4086 bominum
440 4027 627 4087 vacuaturia
651 4029 710 4090 tibi
731 4031 869 4111 proinde
893 4031 986 4108 dedi,
1020 4033 1097 4094 darm
1123 4044 1159 4099 tu

75 4115 207 4167 tumeas
235 4107 400 4185 rededisti,
422 4107 477 4168 ubi
495 4117 528 4171 et
548 4109 602 4170 ubi
617 4110 723 4172 cautio
743 4111 811 4194 ipsa
824 4112 955 4173 inuenta
976 4114 1085 4192 fuerit,
1103 4139 1159 4178 va-

79 4199 127 4240 suu
152 4199 181 4246 et
215 4190 318 4254 inanis
346 4199 550 4279 permaneat,
584 4193 719 4261 ethaeo
749 4189 935 4260 vacuatutia
968 4193 1057 4264 firma
1082 4219 1158 4286 pes-1

78 4281 196 4333 unirent.
973 4301 974 4306 ¹
1221 4297 1223 4302 ⁴
