2734 4990
515 345 732 399 estuzrnttttt
1110 313 1181 400 473

82 481 145 558 do,
182 489 281 563 atquc
305 480 500 558 transfundo,
532 494 567 543 ut
590 479 745 564 quicquid
779 483 884 543 omnia
913 493 1183 564 supermemoratsi

81 587 160 644 pars
194 564 292 645 ipsius
317 563 496 646 Mouastetii
525 564 660 650 eiusque
688 567 840 626 Rectorrs
870 569 975 626 lacere
1002 567 1185 649 elegerint,·

85 647 224 706 liberam
245 656 275 705 et
301 645 504 706 firmissimam
529 645 564 706 iu
588 646 736 707 omnibus
763 647 900 708 habeant
929 657 1117 731 potestatem
1142 650 1182 708 li·¹

85 730 168 790 bero
195 727 326 791 arbitrio.
372 727 464 788 Licet
490 749 569 790 vero
601 729 636 788 in
662 729 859 791 cessionibus
885 730 1017 791 minime
1051 740 1100 791 est
1126 753 1181 793 ne·

89 831 178 870 cesse
196 831 324 890 poenam
350 808 587 886 inserere,'sed
616 821 720 873 tamen
745 833 803 892 pro
825 813 872 872 rei
904 814 1003 874 totius
1030 813 1179 874 firmitate

89 892 167 952 mihi
196 891 383 972 complacuit
412 893 560 953 intimare
605 893 631 956 si
657 893 777 968 fuerit,
813 895 900 974 quod
928 917 988 956 nec
1009 897 1080 956 lieri
1107 917 1182 957 cre-

90 975 141 1052 do,
162 985 212 1033 aut
231 995 287 1054 ego
313 975 391 1056 ipse,
415 976 502 1056 quod
523 974 613 1052 absit,
644 986 698 1035 aut
725 976 841 1056 aliquis
867 978 907 1038 de
931 976 1104 1039 heredibus
1124 986 1180 1037 aut

86 1055 307 1141 proheredibus
335 1055 431 1133 meis,
461 1055 515 1118 vel
542 1057 695 1138 quislibet
725 1068 841 1139 potens
872 1069 927 1119 aut
955 1059 1093 1121 inferior
1125 1059 1179 1121 vel

87 1138 187 1199 emissa
206 1159 345 1219 persona
368 1138 426 1220 qui
447 1149 557 1200 contra
584 1150 783 1222 praesentem
803 1141 968 1224 epistolam
986 1143 1179 1219 donationis,

84 1241 171 1301 quam
194 1239 253 1300 ego
274 1222 376 1302 plena
398 1231 431 1281 et
452 1222 564 1282 devota
591 1223 757 1283 voluntate
782 1223 850 1283 lieri
877 1233 909 1285 et
937 1224 1104 1286 adfirmare
1123 1245 1179 1286 ro-

80 1303 157 1383 gati,
177 1301 288 1362 venire
317 1311 375 1361 aut
395 1325 473 1364 ,eam
494 1303 685 1386 infrangere
707 1305 893 1382 tentaverit,
915 1315 970 1365 aut
995 1306 1103 1388 aliqua
1124 1327 1179 1367 cs-

77 1384 192 1444 lumnia
212 1393 268 1443 aut
288 1385 484 1468 repetitione
510 1387 562 1446 uel
584 1388 796 1467 refragatione
815 1387 980 1470 insurgere
1001 1399 1056 1448 aut
1077 1409 1180 1472 oppo-

78 1487 149 1528 nere
182 1475 319 1528 conatus
343 1467 443 1529 fuerit
471 1478 526 1528 aut
554 1469 818 1552 praesumpserit,
855 1469 889 1528 in
918 1470 1028 1552 primis
1053 1479 1179 1531 tantum

73 1558 222 1628 quantum
246 1549 336 1632 ipsas
355 1570 405 1611 res
436 1571 474 1610 eo
500 1546 643 1632 tempore
664 1551 845 1612 melioratas
865 1553 1042 1628 valuerint,
1065 1563 1180 1614 contra

73 1630 120 1690 cui
142 1633 290 1711 pulsatur
312 1653 371 1692 seu
395 1632 537 1714 partibus
560 1633 702 1694 iamdicti
724 1635 909 1694 Monosterii
932 1652 1124 1716 componore
1146 1639 1191 1698 et*

73 1713 247 1774 satisfacere
271 1713 498 1798 adimpleatur,
520 1716 652 1797 insuper
676 1737 740 1775 una
765 1737 838 1776 cum
858 1717 945 1777 socio
967 1717 1043 1778 fisco
1065 1739 1179 1779 nurum

73 1803 188 1854 tantum
214 1805 351 1856 coactus
383 1797 543 1875 exsolvat,
576 1809 610 1858 et
639 1820 696 1859 sua
719 1797 871 1880 repetitio
906 1799 998 1858 nullo
1026 1814 1195 1880 nmquam

75 1886 207 1956 tempore
229 1898 302 1937 non
321 1879 633 1958 obtineat-effectum,
648 1881 771 1940 ethaeo
788 1880 919 1941 donatio
931 1881 1018 1940 omni
1034 1891 1178 1963 tempore

75 1959 417 2042 inlibatapermaneat‚
438 1961 644 2045 stipulatione
660 1962 811 2024 subnixa·
835 1961 952 2024 Actum
973 1964 1009 2024 in
1021 1963 1095 2028 loco
1108 1963 1177 2026 illo.

155 2096 158 2104 '
257 2088 468 2174 Confirmatio
486 2089 669 2156 traditionis
691 2077 992 2164 admonuerim

137 2200 258 2264 XXX.
304 2203 422 2264 Notitia
453 2205 560 2266 locum
592 2204 774 2266 traditionis
809 2207 949 2288 qualiter
976 2209 1028 2271 rel
1059 2209 1182 2292 quibus·

72 2285 291 2366 praesentibus
307 2317 329 2362 ,2
349 2287 405 2368 qui
433 2288 543 2348 subter
569 2287 802 2365 firtna'ttterunt‚¹
832 2287 888 2348 ubi
915 2292 1050 2353 veniens
1067 2292 1178 2354 'bomo

72 2368 166 2428 aliens
190 2388 315 2429 nomeu
340 2369 398 2431 ille
417 2379 548 2431 vocatus
572 2367 748 2431 Monachus
772 2370 811 2430 ad
833 2371 904 2447 illas
922 2375 1011 2455 quod
1038 2363 1094 2435 ille
1115 2397 1178 2435 an·

72 2459 101 2509 te
123 2449 180 2513 hos
203 2473 309 2510 asinos
333 2473 392 2532 per
414 2473 502 2512 suant
523 2452 689 2534 epistolam
715 2453 897 2516 donationis
917 2457 960 2516 etl
980 2457 1176 2518 Monasterio

73 2531 144 2609 illo,
165 2535 256 2616 quod
287 2543 334 2594 est
359 2534 392 2592 in
422 2533 830 2612 bonoreSaneti‘illitisss
843 2537 900 2596 ubi
921 2538 979 2598 ille
1000 2539 1100 2599 Abba'
1113 2561 1176 2600 una

73 2636 140 2674 eum
161 2617 423 2698 congregatione
441 2613 843 2702 *Monaehornm-praee‘sso
866 2619 1011 2698 videtur,
1041 2621 1194 2702 iniudic-¹

74 2705 119 2756 tus
139 2696 248 2758 ille‘in
271 2698 427 2758 vittatus
448 2699 507 2778 qui
525 2700 746 2775 vocatur-illa,
767 2709 800 2760 et
823 2701 1026 2783 adpraesens
1039 2704 1123 2782 fuit,v
1143 2709 1181 2767 et

74 2799 125 2860 per
137 2799 399 2862 unamquamque
418 2781 512 2842 villas
526 2791 558 2844 et
573 2782 642 2840 loca
659 2782 868 2864 persingulas
881 2804 939 2864 per
951 2794 1057 2867 portas
1076 2795 1108 2845 et
1118 2807 1178 2868 per

77 2861 146 2920 ostia
169 2861 209 2922 de
228 2863 312 2944 ipsas
333 2863 428 2924 uillas
445 2864 496 2924 vel
516 2863 560 2924 de·
577 2863 648 2924 illas
663 2881 752 2926 casas
774 2864 982 2927 dominicetas
1004 2867 1066 2926 iam
1086 2889 1179 2949 prae·

74 2944 153 3003 fatus
177 2944 244 3006 ille
262 2944 305 3004 ad
325 2945 421 3006 Misso
445 2945 485 3004 de
512 2947 589 3027 ipso,
605 2945 800 3006 Monasterio
824 2946 877 3006 vel
906 2947 1005 3026 ipsius
1031 2949 1176 3011 iamdicti

75 3025 197 3086 Abbatis
223 3027 316 3088 illius
342 3045 457 3088 nomen
472 3027 556 3105 ille,
587 3028 874 3108 omniaqunntum
899 3028 1014 3089 inille
1041 3031 1177 3112 epistole

75 3107 256 3168 donationis
289 3118 336 3170 est
368 3109 533 3170 insertum?
552 3109 606 3171 vel
636 3107 922 3190 comprehensum,
955 3111 997 3170 'ln
1028 3113 1176 3174 omnibus

75 3189 203 3250 tradidit
228 3199 264 3250 et
284 3190 489 3273 consignavit
509 3201 543 3253 et
562 3209 636 3252 cutm
658 3191 701 3252 de
719 3193 801 3274 ipsas
824 3209 875 3252 res
894 3192 925 3260 iu
949 3193 1097 3255 omnibus
1111 3211 1179 3255 ves·

77 3279 157 3346 trum
184 3283 217 3332 ct
240 3274 321 3354 pillo
346 3283 379 3336 et
396 3274 505 3334 fistuca
522 3273 648 3336 exinde
674 3273 708 3332 in
729 3272 877 3334 omuibus
890 3273 929 3337 se
947 3275 1074 3336 exitum·
1094 3276 1176 3338 dixit

77 3363 107 3412 et
131 3356 216 3420 feeit.
260 3352 559 3439 Hispraescn'tibos
587 3365 693 3416 actutu
715 3355 788 3442 fnit.
839 3398 842 3402 -
881 3389 894 3402 -ν
1010 3382 1024 3403 -2

146 3483 303 3567 'Qualiter
319 3487 467 3568 parentes
477 3479 659 3570 filioswos
674 3485 817 3567 'offerant
832 3489 866 3547 in
882 3489 1107 3574 Monustert'is„
1122 3536 1124 3540 .
1191 3532 1194 3540 ,.

154 3595 282 3667 XXXI.
324 3602 409 3660 Dum
428 3601 580 3678 legaliter¹
596 3602 752 3680 sancitum
776 3603 952 3684 antiquitus
971 3614 1120 3672 teneatur
1143 3617 1176 3669 et

80 3689 201 3740 cautum
226 3701 299 3741 cum
320 3663 534 3743 oblationibus
561 3680 701 3744 Domino
725 3689 872 3768 parentes
896 3697 968 3746 snos
987 3689 1113 3768 tradere
1141 3690 1175 3749 fi·

80 3761 142 3822 lios
161 3760 193 3821 iri
217 3764 334 3842 templo
355 3765 484 3825 Domini
501 3764 653 3826 feliciter·
671 3766 868 3838 servituros,⁴
880 3763 1099 3848 proculdubio
1114 3771 1174 3833 hoc

82 3843 117 3902 de
137 3845 251 3905 nostris
270 3845 344 3908 filiis
361 3847 544 3908 faciendum
561 3847 654 3909 nobis
678 3849 849 3909 salubriter
875 3851 1048 3930 praebetur
1064 3862 1180 3912 testem-⁴v

41 3953 44 3962 ·
80 3924 173 4004 plum.
217 3928 353 4008 AEquum
374 3930 495 3990 etenim
511 3929 619 3990 iudico
640 3930 777 3990 creatori
797 3939 905 3991 nostro
928 3933 967 3994 de
993 3933 1084 3994 nobis
1104 3936 1175 3995 retl-

82 4007 152 4068 dere
173 4006 322 4075 fructum.
345 4011 469 4072 ltlcirco
487 4012 574 4074 huno
597 4011 701 4070 filium
719 4021 861 4072 nostrum
878 4015 1007 4073 nomine
1029 4014 1077 4079 ill.
1098 4039 1173 4076 cum

82 4087 234 4151 oblatione
260 4092 295 4151 in
308 4094 420 4153 'finanu
441 4102 536 4175 atque
557 4094 713 4176 petitione
742 4094 848 4154 altaris
876 4097 963 4176 palla¹
980 4115 1083 4156 ¹inamu
1098 4121 1176 4168 vinea

82 4167 221 4234 involuta
234 4175 428 4234 ’adnomina
448 4176 647 4250 Sanctorum
664 4195 807 4256 quornm*
830 4175 884 4236 bic
906 4176 1074 4257 Reliqnlae
1095 4187 1190 4241 oon-⁰

83 4251 229 4335 tinentur,
250 4267 282 4320 et
300 4257 426 4323 ,Abbate
440 4253 634 4342 'praesenta'
645 4258 747 4324 trado·
764 4257 1028 4348 coramtestibus
1049 4265 1173 4347 regula-
