2734 4990
143 243 218 320 442
609 265 800 323 sonuerat

490 409 660 472 Denariale
688 411 903 492 Praeceptum.

224 517 293 584 Cll.
334 517 394 578 llle
431 519 499 580 Rex
530 521 728 580 Francorum
755 519 806 581 vir
837 519 984 587 inluster.
1028 519 1114 600 Quia
1145 518 1255 584 fidelis

143 610 251 664 nostor
273 601 403 662 nomine
427 602 483 664 ille
508 602 642 664 veniens
663 613 736 662 ante
759 625 817 664 uos
841 605 893 664 vel
917 605 1092 666 Procerum
1127 613 1257 666 nostro·

141 708 214 747 rum
238 685 447 766 praesentiam
467 683 604 745 iactante
626 684 759 746 denario
774 685 953 747 seeundum
973 689 1091 770 Legem
1111 685 1261 750 Salicem

142 790 269 830 servum
293 789 386 829 suurn
415 768 544 829 nomine
572 766 666 828 illum
696 767 817 832 dimisit
848 768 1026 854 ingenuum
1045 781 1106 836 ete.
1135 784 1173 832 ut
1202 791 1260 830 su-

141 872 203 934 pra
222 872 295 934 pag.
321 849 392 916 500.

65 965 68 974 ’
186 984 367 1060 Ingennitas
390 1001 482 1062 quam
500 993 605 1063 potest
627 1001 733 1042 servus
756 979 801 1040 ad
818 981 916 1043 alium
941 1003 1065 1044 seruum
1085 979 1215 1064 facere.

224 1097 308 1158 Clll.
350 1095 505 1157 Dominus
527 1095 634 1178 inquit
659 1095 694 1156 in
720 1095 918 1179 Evangelio:
948 1099 1125 1172 Dimittite,
1155 1111 1187 1158 ct
1207 1097 1260 1157 di·

141 1182 282 1240 mittetur
302 1179 401 1239 uoltis.
444 1180 585 1261 Ideoque
611 1179 642 1238 in
665 1179 727 1241 Dei
756 1179 885 1240 nomine
909 1180 983 1257 ille,
1015 1180 1162 1264 quamvis
1189 1202 1257 1240 om·

143 1264 235 1322 nium
262 1283 427 1322 servorum
457 1263 517 1322 Dei
544 1263 698 1340 famulus,
730 1271 834 1322 tamen
857 1285 920 1322 una
939 1285 1013 1324 eum
1040 1263 1255 1345 permissione

142 1343 263 1405 domini
295 1343 355 1402 mei
388 1344 474 1402 illins
505 1344 653 1428 Episcopi
685 1345 735 1406 vel
768 1345 858 1405 illius
877 1345 1008 1408 Abbatis
1037 1347 1258 1406 vernaculum

142 1449 249 1487 meum
274 1426 401 1500 nomine
433 1427 536 1494 illum,
559 1448 657 1508 quem
680 1449 739 1508 ego
764 1425 836 1487 datto
859 1427 963 1504 pretio
993 1429 1032 1490 ab
1056 1427 1191 1488 homine
1219 1428 1257 1486 il·

141 1512 173 1571 lo
199 1511 284 1571 visus
304 1533 374 1570 sum
400 1530 616 1590 comparasse,
640 1530 697 1588 per
725 1507 809 1570 hane
836 1509 1014 1572 chartulam
1042 1509 1258 1594 ingenuitatis

142 1592 321 1675 ingenuum
342 1615 409 1654 esse
437 1613 553 1653 censeo
583 1600 614 1652 et
644 1591 782 1652 liberum
812 1613 880 1656 esse
912 1595 1073 1670 concedo,
1106 1595 1148 1655 ita
1174 1604 1216 1654 ut
1240 1593 1258 1652 a

142 1673 194 1736 alie
223 1686 387 1754 praesente
411 1677 569 1755 ingenuus
596 1675 637 1734 sit
660 1685 692 1736 et
713 1675 874 1757 ingenuus
894 1687 1080 1757 permaneat
1098 1686 1259 1758 tanquam

141 1757 167 1820 si
189 1757 228 1818 ah
250 1759 399 1840 ingenuis
428 1757 613 1838 parentibus
637 1757 749 1818 fuisset
774 1770 958 1838 procreatus
975 1759 1039 1838 ¹vel
1063 1768 1167 1825 natus.
1189 1761 1259 1820 Pe·
1343 1764 1344 1767 ’

142 1841 261 1902 enliare
287 1863 364 1900 vero
385 1863 479 1902 snum
500 1839 818 1900 siveeonlahorntum
841 1841 928 1920 qnod
949 1839 1056 1916 habet,
1079 1863 1136 1903 sea
1159 1839 1258 1901 dein-

140 1946 215 1999 ceps
240 1924 402 1984 elaborare
431 1924 583 2002 potuerit,
626 1909 686 1982 sibi
716 1922 830 1984 habeat
859 1944 1046 1984 eoncessum
1077 1933 1172 2004 atque
1207 1922 1259 1981 in·

142 2006 277 2066 dultum.
329 2005 586 2066 lllund'eburdem
616 2027 694 2065 vero
725 2007 776 2064 vel
804 2005 1027 2066 defensionem
1063 2007 1257 2084 ubicunque

142 2087 227 2147 infra
255 2097 442 2170 potestatem
463 2088 572 2147 Saraeti
595 2087 683 2148 illius
700 2087 820 2168 eligere
842 2087 992 2164 voluerit,
1015 2087 1179 2150 licentiam
1202 2087 1259 2145 ha·

142 2171 218 2230 beat
250 2171 413 2248 eligendi,
435 2179 467 2231 et
495 2169 577 2229 nulli
610 2168 766 2230 heredum
794 2191 831 2231 ae
857 2169 1074 2248 proheredum
1103 2191 1258 2230 meorum

143 2253 258 2316 reddat
285 2252 500 2313 libertinitatis
523 2251 727 2334 obsequinm;
751 2251 817 2328 sed,
843 2253 926 2313 sicut
950 2252 1028 2332 dixi,
1050 2275 1177 2334 semper
1194 2277 1258 2314 va·

144 2329 208 2395 leat
235 2355 421 2415 permanere
447 2335 529 2395 bene
556 2337 716 2416 ingenuus
737 2344 832 2416 atque
852 2357 993 2400 securus.
1042 2339 1083 2396 Et
1112 2337 1137 2398 si
1168 2346 1260 2417 post-

108 2449 113 2460 ,
143 2417 274 2478 modum
295 2417 451 2498 quispiam
473 2427 583 2477 eontra
607 2418 688 2476 hane
713 2417 945 2492 ingenuitatem
972 2419 1084 2478 venire
1106 2428 1161 2477 ant
1180 2440 1258 2476 eam

144 2499 338 2560 calumniari
361 2499 628 2582 praesumpserit,
657 2498 710 2560 cui
729 2501 828 2558 litem
855 2501 1014 2577 intulerit,
1036 2523 1114 2562 auro
1139 2501 1260 2560 uncias

142 2589 268 2654 tantas,
299 2592 431 2660 argento
454 2582 550 2641 libras
581 2591 658 2640 tent.
687 2592 814 2641 coactus
847 2582 1012 2658 exsolvat,
1044 2593 1076 2644 et
1100 2583 1187 2663 quod
1206 2604 1260 2640 re-

142 2665 225 2746 petit
254 2663 381 2723 nullum
413 2665 556 2723 obtineat
590 2663 756 2740 effectum,
795 2665 851 2723 sed
881 2685 1030 2746 praesens
1070 2664 1260 2745 ingenuitas

145 2745 233 2806 omni
255 2755 397 2823 tempore
419 2747 508 2806 firma
530 2755 561 2808 et
589 2747 710 2808 stabilis
736 2755 932 2830 permaneat,
953 2747 1159 2831 stipulatione
1180 2747 1260 2808 sub-

147 2849 240 2892 nexa.
282 2827 409 2890 Actum.
451 2831 494 2890 Et
515 2837 648 2891 caetera.

345 2959 468 3021 Relatio
495 2961 678 3045 pagensium
707 2958 752 3020 ad
774 2959 886 3038 Regem
914 2957 1046 3020 directa.

224 3075 311 3144 CIV.
354 3076 601 3158 Suggerendum
635 3075 778 3156 piissimo
813 3084 908 3154 atque
944 3071 1259 3155 praecellentissimo

145 3163 273 3225 Damno
296 3159 353 3219 illo
382 3160 467 3241 Rege
498 3169 529 3219 et
561 3159 681 3218 Maiore
711 3157 822 3216 altimus
851 3156 940 3217 illins
964 3157 981 3215 al
1010 3155 1109 3216 servis
1137 3157 1258 3216 vestris

145 3243 336 3325 pagensibus
366 3239 431 3301 illis
463 3261 600 3320 quorum
632 3241 682 3300 vel
715 3237 965 3316 subscriptiones
1002 3238 1056 3298 vel
1090 3237 1261 3317 signacula

143 3328 255 3387 subter
271 3333 426 3386 tenentur
446 3324 577 3384 inserta.
618 3321 868 3399 Principalitatis
884 3330 1006 3383 vestrae
1022 3320 1260 3403 circumspecta

148 3408 320 3471 clementia
346 3413 462 3470 eterit
486 3425 582 3488 supra
605 3425 677 3488 pag.
698 3403 768 3468 306.
1192 3440 1195 3448 ,.

149 3559 150 3566 ’
168 3545 374 3627 Praeceptum
392 3563 526 3627 quorum
553 3543 590 3602 ab
616 3543 756 3604 hostibus
778 3541 825 3601 vel
847 3540 910 3602 alio
932 3538 1027 3604 ntodo
1040 3539 1168 3623 fuerint
1187 3545 1238 3604 in·

540 3637 709 3684 strumenta
736 3627 870 3687 incensa.

175 3731 178 3742 ¹
229 3739 297 3801 GV.
338 3740 365 3799 A
396 3739 498 3821 regala
537 3760 665 3800 neeesse
697 3747 743 3799 est
778 3739 965 3833 relpventur
994 3738 1162 3802 elementia
1197 3741 1259 3818 qui

148 3822 374 3885 damnietatem
399 3823 437 3880 ab
466 3822 608 3886 hostibus
631 3822 679 3882 vel
705 3821 892 3888 violentiam
917 3830 991 3880 sunt
1018 3820 1109 3902 passi.
1152 3823 1261 3904 Igitur

148 3907 251 3978 fidelis
265 3907 334 3967 Deo
349 3905 489 3989 propitio
505 3915 612 3966 noster
626 3903 681 3964 ille
695 3903 882 3964 clementiae
898 3912 958 3968 eto.
976 3915 1009 3962 ut
1025 3923 1120 3985 supra
1133 3927 1166 3990 p.
1179 3907 1260 3970 505.

415 4014 557 4075 Relatum
580 4009 667 4094 quod
691 4011 810 4073 dicitur
829 4011 966 4093 operante.

230 4117 314 4180 CVl.
356 4119 424 4178 Mos
447 4117 605 4178 nobilium
626 4117 842 4174 Romanorum
860 4115 1016 4186 adsuevit,
1035 4126 1068 4178 et
1087 4116 1169 4178 ratio
1184 4116 1259 4180 iure

148 4199 312 4283 deposcit,
342 4211 378 4260 ut
405 4201 430 4260 si
457 4201 679 4282 cuiuscunque
702 4197 813 4284 domus
839 4197 912 4280 igne
935 4206 1113 4278 cremetur,
1129 4221 1191 4284 per
1209 4222 1260 4262 se-
