2734 4990
540 347 799 402 muoaraaocu
1143 326 1215 401 421

503 487 576 549 Alia
596 486 636 548 de
656 484 765 548 eadem
785 505 828 549 rs.

199 602 268 668 LV.
309 602 378 686 Ego
399 600 433 663 iu
455 601 517 664 Dei
539 601 670 664 nomina
696 598 755 662 ille
776 608 808 664 et
841 599 961 664 coniux
986 621 1056 664 mee
1078 599 1136 664 illa
1163 595 1216 664 di-

115 685 297 749 lectissimis
317 683 488 767 nepotibus
508 684 626 746 nostris
647 703 775 744 necnon
798 689 832 742 et
858 683 1009 766 neptibus
1037 681 1152 746 nostris
1177 683 1217 746 il·

116 768 167 832 lis.
209 771 339 830 Constat
361 787 459 838 vcro,
486 775 583 850 prout
604 764 759 848 fragilitas
779 762 918 826 humana
944 765 1110 850 exposcit,
1130 787 1215 848 quae

139 850 220 912 rimi.
235 849 376 935 parentis
396 849 492 931 culpa
512 847 668 920 existente
688 847 798 908 mortis
821 846 964 910 debitum
986 848 1131 931 quotidie
1153 870 1215 909 uo-

114 873 188 994 lens
209 933 387 1014 volensque
415 928 582 1072 qprsolvit,
610 929 699 1012 quod
726 927 852 1010 genitor
875 939 983 992 vester
1004 931 1134 993 nomine
1156 930 1215 992 ille

115 1014 201 1078 filius
226 1022 337 1077 noster
360 1013 400 1075 de
450 1035 485 1074 ae
506 1013 581 1074 luce
610 1021 683 1072 ante
705 1033 764 1074 nos
787 1011 874 1074 visus
893 1020 940 1073 est
960 1013 1149 1091 decessisse,
1182 1021 1217 1074 et

114 1117 173 1158 nos
206 1096 270 1158 Dei
299 1095 526 1179 omnipotentis
552 1093 756 1179 providentia
781 1094 812 1156 ci
843 1095 997 1158 reservati
1029 1095 1216 1178 superstites

108 1177 280 1240 fuerimus
327 1165 397 1246 ‘Hac
432 1178 531 1274 igitur
567 1177 607 1239 de
645 1197 739 1238 eausa
771 1177 965 1260 complacuit
994 1178 1088 1239 nobis
1116 1185 1215 1258 atque

111 1260 268 1323 convenit
295 1268 332 1322 ut
359 1265 421 1344 pro'
448 1282 517 1344 rpso
549 1258 753 1342 proprietatis
788 1258 881 1338 iure,
915 1260 951 1320 in
990 1282 1056 1342 quo
1088 1259 1217 1342 genitor

110 1348 222 1406 vester
243 1341 386 1424 legitime
408 1341 579 1406 succedere
603 1341 717 1402 debuit
736 1339 763 1402 si
785 1340 877 1402 nobis
903 1340 937 1404 in
960 1341 1022 1405 boc
1037 1341 1147 1406 seculo
1165 1363 1216 1403 su·

108 1431 233 1506 perstas
264 1425 388 1502 fuisset,
410 1425 454 1485 ita
481 1445 539 1486 vos
560 1431 632 1505 post
652 1431 797 1484 nostrum
818 1444 949 1508 quoque
967 1424 1139 1486 discessum
1164 1445 1218 1485 ae·

110 1503 244 1586 qualem
263 1515 386 1588 partem
411 1528 485 1568 cum
511 1505 680 1568 avunculis
708 1506 761 1566 vel
788 1506 893 1567 amitis
915 1506 1028 1568 vestris
1057 1507 1133 1569 filiis
1161 1505 1216 1568 vel

110 1587 240 1655 filiabus
267 1588 383 1649 nostris
415 1588 456 1650 ad
481 1587 644 1660 interum
666 1585 813 1668 accipere
841 1587 992 1650 debeatis.
1037 1591 1214 1672 Propterea

107 1689 172 1750 ,per
189 1667 275 1728 hauc
289 1713 290 1718 η
303 1668 478 1730 chartulam
497 1609 686 1746 traditionis,
707 1669 773 1730 sive
793 1690 852 1750 per
867 1670 1022 1731 festucam
1037 1681 1132 1753 atque
1153 1691 1215 1756 per

112 1749 331 1830 andelangum
361 1751 712 1830 donamus„tradimus
732 1751 841 1828 vobis,
874 1751 958 1814 sicut
982 1753 1143 1832 diximus,
1172 1753 1211 1814 de

114 1830 203 1889 omni
228 1852 264 1891 re
286 1831 486 1915 proprietatis
509 1843 653 1911 nostrae,
681 1832 839 1915 quicquid
868 1834 1081 1917 adpraesens
1107 1833 1210 1919 possi·

111 1910 189 1972 dere
210 1912 269 1973 visi
290 1935 408 1992 sumus,
430 1913 542 1991 idest,
564 1915 681 1978 tamin
702 1917 795 1977 terris
816 1935 913 1998 quarn
938 1917 971 1976 in
993 1916 1100 1995 silvis,
1130 1937 1211 1978 cam-

106 1992 170 2074 pis,
200 1994 315 2080 pratis,
336 1995 479 2079 pascuis,
502 1997 624 2074 vineis,
646 1997 833 2079 mancipiis,
861 1998 1013 2094 peculiis,
1041 1997 1211 2082 pecoribus

108 2074 218 2134 omnia
249 2084 281 2137 et
309 2097 355 2151 ex,
378 2078 544 2157 omnibus,
577 2089 613 2140 ut
636 2079 735 2160 ipsam
755 2069 984 2158 hereditatem,
1017 2081 1101 2143 siout
1129 2078 1212 2142 dixi-

107 2177 195 2240 mus,
218 2159 394 2240 aequaliter
414 2170 527 2222 contra
548 2157 685 2227 heredes
706 2171 829 2223 nostros
852 2163 935 2226 filios
955 2163 1007 2226 vel
1037 2162 1118 2226 filias
1135 2185 1213 2226 nos-

107 2246 183 2313 tras,
207 2237 306 2321 ipsam
326 2241 479 2304 videlicet
507 2243 691 2326 portionem
720 2264 815 2324 quam
837 2255 929 2326 pater
947 2253 1053 2307 vester
1073 2246 1130 2308 ille
1156 2245 1213 2307 be-

106 2320 247 2382 reditare
261 2323 401 2384 voluerit
416 2325 560 2408 accipere
579 2324 730 2402 debeatis,
749 2334 786 2387 ut
797 2326 835 2386 ab
850 2328 910 2388 hac
927 2326 978 2389 die
994 2325 1146 2408 habeatis,
1167 2339 1215 2390 te·

107 2400 222 2481 neatis,
245 2413 341 2484 atque
370 2405 580 2488 possideatis,
604 2416 635 2468 et
658 2406 819 2486 intervos
835 2409 977 2492 legitime
1000 2411 1146 2473 dividere
1166 2413 1212 2471 fa·

106 2482 219 2561 cistis,
247 2487 299 2548 vel
335 2488 491 2572 quicquid
518 2490 635 2552 exinde
656 2491 764 2552 facere
794 2491 979 2570 volueritis,
1010 2493 1144 2554 liberam
1174 2494 1208 2552 iu

106 2566 254 2628 omnibus
275 2567 417 2631 habeatis
445 2580 639 2653 potestatem.
693 2573 736 2634 Et
759 2571 784 2634 si
806 2573 964 2656 quispiam
986 2586 1099 2636 contra
1124 2575 1209 2636 hanc

104 2643 283 2712 chartulam
302 2651 456 2714 cessionis
477 2653 617 2735 aliquam
637 2653 828 2716 calumniam
856 2655 998 2718 stabilire
1027 2679 1211 2741 praesump-

103 2728 199 2810 serit',
231 2731 283 2794 vel
313 2733 402 2794 vobis
434 2734 532 2818 ipsam
559 2735 740 2818 portionem
767 2758 827 2820 per
850 2737 998 2801 fraudem
1025 2739 1207 2802 abstrahere

102 2811 255 2890 voluerit,
285 2825 457 2898 componat
483 2816 573 2878 vobis
598 2817 795 2902 dupliciter,
824 2819 950 2900 idest,
983 2832 1141 2905 quantum
1168 2843 1208 2884 eo

103 2901 248 2976 tempore
270 2895 338 2978 ipsa
365 2897 471 2978 portio
495 2899 649 2978 valuerit,
672 2908 703 2969 et
725 2900 858 2984 insuper
878 2903 997 2964 inferat
1023 2905 1063 2965 ad
1084 2914 1208 2986 partem
1238 2901 1240 2906 ’

105 2973 173 3035 fisci
196 2997 274 3040 auro
303 2980 414 3044 uncias
436 2988 513 3046 taut.
542 2989 673 3063 argento
700 2979 799 3044 libras
825 2990 936 3048 tantas,
977 2984 1020 3044 Et
1043 2983 1106 3045 hoc
1134 2996 1209 3046 actu

106 3057 269 3136 exsolvat,
292 3067 323 3120 et
344 3061 474 3145 insuper
492 3064 580 3144 quod
599 3063 717 3146 repetit
737 3063 922 3124 nullatenus
947 3064 1130 3144 evindicet,
1152 3067 1210 3130 sed

103 3157 255 3218 praesens
277 3141 409 3222 epistola
432 3144 512 3206 haee
534 3145 622 3205 omui
646 3154 789 3224 tempore
812 3144 900 3205 firma
929 3155 961 3206 et
983 3147 1106 3212 stabilis
1129 3171 1208 3233 per-

103 3231 247 3300 maneat,
281 3224 486 3306 stipulatione
508 3227 661 3294 subnexa.
702 3227 826 3288 Actum.
867 3229 909 3288 Et
920 3227 1056 3311 reliqua,

209 3327 393 3392 Carrucam
414 3336 484 3416 quis
505 3337 612 3419 nepoti
633 3333 758 3417 aliquid
775 3335 942 3397 meliorare
962 3337 1109 3405 coluerit.

184 3435 271 3502 LVI.
312 3439 504 3506 Dulcissimo
527 3442 638 3522 nepoti
667 3463 738 3501 meo
763 3443 823 3508 illi.
878 3441 1042 3525 Quicquid
1060 3456 1153 3528 pater
1173 3468 1207 3507 u-

103 3539 346 3602 numquemque
370 3523 408 3584 de
432 3523 507 3584 tiliis
529 3525 580 3585 vel
612 3523 784 3606 nepotibus
810 3525 882 3606 plus
903 3525 1021 3587 habere
1042 3527 1182 3591 voluerit
1195 3573 1205 3606 ,

101 3597 165 3660 hoc
186 3603 250 3661 'sibi
274 3605 453 3665 secundum
476 3605 570 3688 Legis
594 3608 739 3668 ordinem
769 3605 837 3666 sine
857 3607 1012 3669 consortis
1039 3611 1206 3694 repetitio·

103 3703 144 3740 ne
175 3683 336 3763 defendat,
359 3707 419 3747 nec
445 3699 623 3770 praesumat
645 3689 762 3771 aliquis
792 3701 901 3750 contra
933 3690 1131 3754 voluntatem
1153 3718 1206 3778 pa-

101 3764 160 3824 tris
183 3786 286 3847 agere.
338 3767 442 3850 Igitur
464 3791 522 3850 ego
553 3771 585 3831 in
616 3773 677 3833 Dei
708 3772 837 3834 nominc
869 3771 947 3848 ille,
979 3773 1057 3836 dum
1093 3787 1125 3837 et
1153 3799 1204 3839 me

102 3845 165 3904 iam
191 3858 338 3910 senectus
364 3851 534 3934 adgravat,
560 3864 590 3915 et
612 3855 812 3918 necessitates
833 3863 869 3914 ut
888 3864 1012 3936 oportet
1030 3879 1203 3941 procurare

103 3949 168 3988 uon
192 3932 315 3992 valeam
337 3941 395 4000 etc.
418 3948 452 3994 ut
472 3955 567 4020 supra
584 3958 655 4018 pag.
678 3939 747 4002 522.

489 4065 563 4125 Alie
583 4065 623 4126 ds
644 4065 751 4126 endem
773 4087 817 4130 re.
927 4067 931 4074 ’

183 4175 286 4242 LVll.
329 4179 528 4241 Dulcissimis
551 4181 719 4264 nepotibus
740 4181 818 4239 meis
840 4183 915 4260 illis,
936 4203 1060 4245 necnon
1079 4192 1109 4245 el
1128 4208 1204 4272 nep·

102 4258 189 4321 tibus·
210 4260 287 4322 mois
315 4260 389 4339 illis,
413 4283 471 4343 ego
493 4264 526 4322 in
549 4263 609 4323 Dei
635 4265 771 4352 nomine
794 4263 860 4325 illc.
902 4267 994 4328 Licet
1016 4289 1073 4347 pro
1102 4273 1202 4330 servi-
