2676 4976
174 241 246 372 5t2
443 397 445 411 Ι
619 309 809 366 roauume

196 465 282 520 ostea
299 451 535 538 conquesierit,
557 458 589 512 et
607 450 784 532 acceperit,
805 471 864 512 suo
882 450 945 512 iuri
964 451 1034 514 sine
1047 452 1179 536 publico
1196 458 1275 517 mal·

172 481 205 602 lo
226 538 389 600 vindicare
409 536 540 604 audeat;
564 555 623 594 nec
642 533 717 594 inde
741 532 864 612 aliquid
882 535 1027 611 auferre,
1048 547 1102 596 aut
1125 536 1274 599 homines

174 623 242 684 eius
264 623 327 682 loci
343 641 452 680 servos
480 627 535 676 aut
555 615 711 695 ingenuos
735 616 774 675 ad
798 618 915 676 iustum
938 617 1069 698 aliquod
1088 621 1275 680 Concilium

172 715 204 767 ct
226 702 444 764 necessitatem
465 698 674 778 distringere,
697 705 750 756 aut
770 698 860 758 freda
884 708 915 758 et
936 702 1101 781 parafreda
1123 703 1272 784 exigere,

138 778 155 829 ‘l
171 796 226 848 aut
240 785 351 846 titulos
375 794 499 844 nostros
525 802 582 841 seu
604 801 677 840 suos
703 789 757 839 aut
777 780 949 841 cuiuslibet
971 781 1004 840 in
1029 783 1178 844 omnibus
1202 785 1273 844 eius

144 861 247 930 ‘locis
261 868 431 950 ,imponere
453 870 656 947 praesumat,
688 861 952 942 absquenostra,
974 863 1000 925 si
1022 875 1126 926 tamen
1154 867 1200 925 ita
1222 888 1274 926 res

164 947 396 1034 postulaverit,
424 947 573 1007 iussione.
593 945 635 1003 Et
655 945 912 1028 quandocunque
935 946 1061 1025 Abbas,
1083 947 1139 1029 qni
1162 970 1273 1025 nunc,

167 1043 199 1096 et
220 1033 288 1093 eius
307 1051 504 1092 successores
520 1026 636 1086 Divina
646 1026 813 1086 vocatione
831 1048 871 1087 ex
897 1027 958 1090 hoc
983 1032 1105 1091 mundo
1123 1031 1276 1092 decesse-

163 1115 249 1188 rint,
278 1111 431 1195 qoamdiu
454 1111 534 1170 tales
563 1108 648 1168 inter
675 1130 728 1170 eos
760 1108 883 1169 inventi
908 1112 1052 1189 fuerint,
1081 1113 1138 1194 qui
1160 1115 1275 1196 ipsum

160 1197 391 1258 Monasterium
414 1193 591 1254 secundum
612 1191 765 1270 Regulam
790 1191 898 1250 Sancti
920 1195 1086 1255 Benedicti
1109 1195 1197 1256 bene
1220 1218 1273 1254 re-

163 1289 301 1361 gerent,¹
316 1287 348 1340 et
365 1277 404 1337 ad
417 1287 541 1337 nostrae
560 1273 739 1332 serenitatis
755 1272 943 1353 obsequium
962 1277 1027 1337 sint
1041 1277 1165 1354 idonei,
1191 1299 1272 1338 cum

157 1362 222 1424 Dei
244 1362 408 1422 voluntate
432 1368 464 1418 et
485 1363 590 1416 nostra
612 1354 801 1415 authoritate
822 1358 973 1418 unanimo
991 1368 1023 1418 et
1046 1360 1164 1421 salubri
1184 1383 1270 1422 con-

156 1465 256 1506 sensu
282 1444 403 1525 eligant
424 1439 485 1500 sibi
505 1438 682 1513 Abbatem,
704 1457 801 1516 quem
830 1439 941 1501 nullus
966 1450 1096 1523 propter
1119 1443 1271 1524 aliquam

160 1547 287 1588 causam
300 1524 463 1606 despicere
486 1530 518 1582 et
538 1518 675 1592 abiicere
698 1519 821 1585 debeat.
862 1521 944 1584 Etsi
961 1523 1063 1604 aliqui
1080 1524 1118 1584 de
1136 1527 1269 1606 primic,

155 1607 217 1672 alii
239 1608 277 1668 de
295 1605 426 1682 mediis,
449 1603 579 1686 quidam
595 1601 689 1660 ctiam
708 1601 748 1676 de
763 1603 933 1681 extremis,
955 1605 995 1666 ad
1014 1615 1152 1666 nostram
1172 1631 1270 1689 prae·

151 1690 292 1758 sentiam
320 1689 423 1770 ipsum
452 1686 589 1747 electum
620 1683 799 1760 adducant,
832 1693 867 1744 ut
893 1707 951 1767 per
978 1708 1031 1748 eos
1058 1699 1269 1750 caeterorum

159 1771 304 1834 omnium
327 1770 474 1832 voluntas
500 1766 685 1842 addiscens,
707 1785 779 1825 eum
805 1765 869 1826 illis
895 1768 1048 1828 Abbatem
1071 1772 1269 1850 praeficiant

156 1857 216 1916 sub
236 1852 394 1934 spirituali
422 1849 595 1931 regimine,
617 1847 783 1906 unanimes
809 1846 987 1911 habitantes
1008 1851 1041 1910 in
1067 1854 1182 1931 domo,
1209 1865 1272 1916 sta-

155 1949 225 1999 tum
240 1934 344 2016 Regni
359 1932 458 1994 nostri
479 1940 511 1992 et
524 1949 634 2012 pacem
648 1930 745 1989 totius
763 1930 925 1991 Ecclesiae
943 1954 1069 2013 semper
1086 1935 1270 2016 impetrare

154 2017 304 2103 precibus
321 2015 442 2077 devotis
458 2013 620 2082 insistant;
642 2011 704 2070 boc
720 2012 833 2092 procul
852 2013 949 2074 dnbio
968 2016 1127 2091 scientes,
1149 2021 1217 2098 qui
1239 2021 1268 2080 si

154 2098 318 2183 querelosi
334 2107 387 2157 aut
403 2094 651 2158 contradictores
669 2093 791 2152 inventi
815 2091 950 2174 suerint,
973 2096 1113 2178 aliquem
1135 2099 1178 2160 de
1201 2105 1268 2161 Ca-

152 2181 291 2279 pellanis
318 2189 372 2238 aut
391 2175 578 2262 Episcopis,
601 2197 658 2236 sen
679 2175 813 2235 Vasallis
838 2178 937 2255 meis,
960 2178 1055 2239 talem
1078 2181 1123 2241 eis
1142 2177 1268 2263 ¹super·

154 2285 332 2347 amponam,
355 2262 411 2342 qui
425 2270 480 2320 aut
500 2280 610 2318 eorum
625 2257 851 2317 contumeliam
871 2261 1015 2337 edomet,
1039 2273 1092 2321 aut
1113 2263 1138 2322 si
1161 2267 1269 2325 etiam

153 2347 199 2410 sic
219 2343 336 2425 corrigi
355 2343 536 2415 noluerint,
559 2341 647 2421 quod
670 2339 764 2414 absit,
796 2361 832 2399 ex
847 2362 917 2401 meo
938 2343 1002 2402 illis
1023 2356 1200 2424 praecepto
1225 2350 1268 2407 ad

153 2429 336 2510 exemplum
349 2434 539 2485 cunctorum
558 2423 591 2482 in
612 2443 737 2482 omnem
752 2431 882 2483 ventum
896 2424 1073 2508 dispergam
1086 2435 1118 2486 e't
1131 2428 1267 2512 disper-

153 2520 213 2596 gat.
256 2509 392 2586 Reliqua
413 2515 573 2584 utsupra.

250 2588 307 2651 IX.
329 2589 466 2650 Karolus
490 2586 609 2648 Divina
639 2585 806 2648 ordinante
840 2588 1019 2658 Clementia
1046 2591 1125 2650 Rex.
1172 2594 1265 2668 Quia

152 2672 235 2736 sicut
255 2671 347 2752 regni
363 2671 492 2730 Petrum
512 2680 693 2730 nostrorum
707 2690 920 2747 successores,
944 2671 986 2730 ita
1003 2672 1097 2732 etiam
1114 2675 1267 2756 Religio-

152 2757 202 2818 nis
220 2775 332 2816 eorum
349 2751 501 2814 haeredes
519 2771 584 2812 esse
607 2751 761 2832 cupimus,
804 2752 883 2811 ldeo
904 2753 1073 2834 quemdam
1090 2757 1205 2816 locum
1226 2759 1264 2816 in

152 2859 218 2920 quo
239 2859 278 2898 ex
305 2835 405 2895 multo
430 2833 493 2893 iam
516 2842 660 2915 tempore
687 2833 843 2914 plurimae
869 2834 1057 2894 Sanctorum
1084 2839 1266 2918 Reliquiae

150 2917 400 2981 continebantur
417 2925 450 2976 ct
471 2916 581 2975 laudes
599 2914 659 2975 Dei
678 2915 695 2972 d
714 2915 881 2996 Religiosis
903 2915 1086 2978 hominibus
1107 2923 1266 2980 celebra-

149 3003 287 3078 bantur,
320 3006 426 3059 nostra
454 2996 655 3057 Autboritate
682 2996 927 3076 Monasterium,
959 2999 1023 3059 imo
1051 3002 1266 3062 Coeuobium

150 3105 218 3146 csse
239 3081 458 3155 deceruimus,
481 3089 513 3141 et
534 3078 686 3138 Abbatem
711 3077 816 3137 eidem
841 3079 913 3139 loco
940 3081 1172 3142 Venerabilem
1197 3087 1265 3146 Vi-

149 3188 222 3228 rum
237 3166 275 3225 N.
295 3162 513 3246 praeficimus,
536 3171 571 3220 ut
593 3159 769 3221 secundum
786 3162 939 3242 Regulam
956 3164 1064 3223 Sancti
1082 3166 1261 3227 Benedicti

150 3271 224 3310 eum
238 3247 352 3307 debeat
366 3243 532 3320 ordinare,
549 3241 679 3303 Nobiles
696 3249 728 3300 et
742 3241 917 3322 Religiosos
934 3243 1080 3306 homines
1092 3247 1161 3306 illic
1180 3271 1264 3310 con-

149 3329 333 3413 gregando,
355 3325 574 3401 orationibus,
596 3321 808 3399 lectionibus,
831 3325 921 3404 operi
950 3349 1102 3386 manuum
1122 3333 1263 3412 regula·

148 3414 230 3475 riter
256 3407 448 3484 insistend0,
471 3427 612 3488 congrua
632 3403 796 3465 Monachis
813 3404 994 3468 habitacula
1015 3414 1261 3488 construendo,

149 3516 202 3557 res
222 3492 363 3554 eiusdem
376 3489 539 3550 Ecclesiae
560 3496 669 3547 contra
690 3487 871 3548 manifestos
893 3499 926 3549 et
940 3493 1082 3552 occultos
1103 3493 1263 3555 adversa-

149 3578 214 3638 rios
233 3596 292 3658 per
307 3580 450 3631 nostrum
469 3581 501 3632 et
520 3569 660 3630 filiorum
678 3577 858 3627 nostrorum
875 3571 1019 3633 favorem
1040 3575 1261 3652 defensand0,

151 3670 187 3720 ut
211 3655 296 3719 servi
320 3653 381 3714 Dei
392 3696 399 3722 ,
421 3653 478 3733 qui
507 3651 626 3712 ibidem
650 3659 902 3730 congregantur,
924 3654 1026 3716 victus
1055 3666 1087 3716 et
1118 3660 1263 3720 vestitus

122 3811 128 3815 ⁵
149 3737 345 3802 abnndantia
360 3734 534 3816 potientes,
557 3734 609 3794 die
626 3741 789 3810 noctuque
805 3732 866 3794 Dei
880 3733 1029 3798 laudibus
1051 3749 1083 3798 et
1101 3741 1262 3820 precibus

146 3846 206 3908 pro
226 3821 316 3882 nobis
335 3827 366 3878 et
380 3837 439 3900 pro
463 3814 549 3876 omni
566 3814 686 3896 populo
705 3812 886 3874 Christiano
902 3837 941 3876 ex
957 3828 1098 3901 tempore
1119 3820 1154 3880 in
1177 3833 1264 3882 tem·

147 3929 207 3990 pus
221 3904 368 3965 insistere
390 3897 566 3971 sufficiant,
589 3906 621 3956 et
641 3895 748 3954 nullus
769 3895 800 3953 in
817 3897 927 3977 Regno
949 3911 1056 3961 nostro
1076 3903 1133 3982 qni
1151 3905 1264 3985 gratia

149 3998 257 4050 nostra
273 3987 319 4046 uti
335 3983 509 4054 desiderat,
532 3979 577 4039 eis
594 3977 732 4057 aliquam
753 3976 1026 4059 inquietudinem,
1050 3993 1104 4042 aut
1118 4007 1262 4066 oppres·

141 4071 291 4147 sionem,
314 4075 367 4126 aut
388 4061 602 4146 direptionem
625 4059 745 4118 inferre
772 4073 970 4140 praesumat,
992 4074 1025 4126 et
1048 4067 1113 4126 sint
1130 4067 1263 4128 immu-

138 4175 205 4214 ·nes
221 4151 259 4210 ab
277 4149 419 4211 omnium
442 4142 610 4208 hominum
627 4148 797 4223 potestate,
819 4142 881 4202 nisi
901 4155 1005 4206 nostra
1029 4157 1061 4208 et
1074 4148 1231 4232 Episcopi
1248 4198 1259 4227 ,

140 4235 180 4317 ip
199 4228 471 4296 cuiusParrochia
486 4224 546 4297 sita
567 4232 657 4302 sunt,
680 4221 732 4285 cai
755 4230 877 4286 tantum
896 4227 1078 4310 canonice,
1102 4251 1167 4292 non
1190 4255 1259 4293 au·-
