2734 4990
537 331 754 387 susurrasse
1140 313 1211 388 471

90 471 264 556 gilitatis,
296 480 515 534 testamentum
543 493 651 534 meum
674 469 824 548 condidi,
861 491 958 554 quem
989 471 1038 534 illi
1070 472 1213 536 scriben·

93 560 186 618 dum
216 556 383 634 commisi,
411 565 447 614 ut
467 557 630 636 quomodo
659 554 726 615 dies
756 553 919 635 legitimus
943 564 1015 650 post
1043 557 1214 617 transitum

96 659 219 698 meum
240 638 420 713 advenerit,
449 637 622 720 recognitis
645 635 777 718 sigillis,
808 636 910 698 inciso
934 638 1028 714 lino,
1060 647 1095 697 ut
1117 639 1211 720 Legis

104 719 258 782 decrevit
274 721 451 795 auctoritas,
472 742 532 802 per
553 720 721 780 inlustrem
740 717 844 780 virum
859 719 962 796 illum,
985 742 1081 802 quem
1099 721 1132 779 in
1153 719 1213 782 hac

106 805 230 887 pagina
260 803 438 862 testamenti
463 812 571 863 nostro
596 800 749 882 legatario
771 800 908 876 institui,
931 803 1027 884 gestis
1055 803 1212 884 reipubli-

111 908 169 946 cae
190 885 434 964 municipalibus
455 884 562 946 titulis
585 885 653 945 eius
681 885 960 964 prosecutionibus
981 884 1019 944 ab
1041 885 1119 966 ipsis
1140 907 1212 944 rnu-

111 967 229 1043 niatur,
251 976 283 1027 et
306 967 339 1026 in
361 967 497 1030 archivis
516 966 665 1027 basilicae
688 967 796 1026 Sancti
819 968 866 1027 illi
886 969 1139 1030 conservandum
1155 966 1214 1029 de-

111 1050 212 1118 crevi;
232 1058 267 1109 ut
285 1047 444 1131 quiequid
468 1050 646 1132 unicuique
669 1047 708 1109 de
732 1050 828 1112 rebus
857 1050 936 1110 meis
957 1050 1095 1133 propriis
1113 1049 1214 1111 hahe-

107 1153 145 1193 re
171 1131 300 1191 decrevi
335 1132 543 1213 singulariter
564 1134 598 1192 in
630 1131 692 1191 hoo
717 1140 942 1194 testamentum
957 1155 1064 1194 meum
1089 1131 1213 1194 insere·

105 1235 142 1275 re
169 1212 289 1278 curavi.
333 1215 370 1272 ln
398 1214 524 1296 reliquo
549 1237 625 1276 vero
647 1214 888 1296 qualescunque
917 1224 971 1275 aut
1001 1235 1214 1298 quaecunque

104 1295 256 1378 epistolas
275 1303 331 1355 ant
341 1297 522 1358 testamenti
538 1298 589 1358 vel
609 1295 853 1378 conscriptionis
864 1298 903 1358 de
918 1297 1047 1358 nomine
1061 1319 1132 1360 meo
1146 1319 1215 1357 ma-

103 1400 168 1438 nus
193 1399 281 1438 meas
311 1378 445 1440 firmatas
470 1391 675 1460 ostensasque
708 1380 846 1458 fuerint,
875 1389 907 1440 et
937 1389 1009 1440 ante
1032 1379 1094 1442 hoc
1117 1389 1214 1442 testa·

101 1469 253 1521 mentum
281 1470 491 1544 praenotatas,
513 1483 592 1542 quas
606 1461 659 1521 hic
685 1482 748 1521 non
771 1481 1072 1534 commemoravero,
1096 1483 1216 1544 excep·

101 1552 137 1604 to
158 1543 199 1602 de
219 1543 436 1624 ingenuitates
465 1565 544 1624 quas
564 1565 621 1625 pro
643 1544 767 1604 animae
791 1565 882 1604 meae
911 1544 1054 1604 remedio
1079 1547 1215 1606 lecimus

102 1636 161 1685 aut
195 1625 302 1685 adhuc
328 1627 433 1687 lacere
465 1628 632 1700 volumus,
669 1648 783 1686 vacuas
809 1633 1037 1707 permaneant,
1068 1637 1100 1688 et
1125 1625 1213 1710 quod

104 1707 285 1788 unicnique
311 1729 370 1789 per
397 1708 458 1768 hoc
491 1716 713 1770 testamentum
742 1707 862 1770 dedero
895 1708 1029 1790 darique
1062 1709 1213 1784 iussero,

107 1791 145 1849 id
168 1798 205 1848 ut
230 1790 323 1850 faciat
352 1790 463 1869 detur,
495 1799 691 1871 praestetur,
725 1790 907 1872 impleatur,
947 1800 978 1850 te
1011 1791 1213 1872 omnipotens

109 1873 341 1933 Deusstestem
366 1873 538 1933 committo.
581 1876 787 1954 Quapropter
819 1873 896 1932 dum
921 1894 986 1933 non
1006 1871 1141 1933 habetur
1159 1873 1212 1932 in-

110 1953 277 2036 cognitum
300 1955 440 2034 qualiter
467 1955 671 2036 dispensante
695 1958 763 2016 Deo
790 1954 830 2014 ad
855 1955 1037 2016 habendum
1063 1956 1116 2018 vel
1144 1976 1214 2035 pos·

108 2035 281 2097 sidcndum
307 2038 377 2098 loca
403 2040 591 2098 Sanctorum
619 2037 750 2098 illorum
773 2037 812 2098 de
841 2039 936 2098 rebus
966 2038 1045 2098 meis
1074 2037 1212 2119 propriis

109 2117 258 2199 delegavi
281 2119 314 2177 in
344 2131 535 2202 perpetuum
564 2120 607 2180 ad*
628 2119 880 2201 possidendum,
910 2119 985 2180 dedi
1010 2141 1141 2200 quoque
1170 2119 1210 2179 ad

106 2200 236 2260 basilica
260 2201 327 2277 illa,
354 2203 517 2297 portiones
539 2223 624 2263 meas
649 2211 743 2283 atque
766 2201 980 2275 denominata,
999 2203 1032 2263 id
1057 2212 1131 2263 sunt
1154 2199 1212 2264 ille

105 2283 265 2364 quicquid
293 2284 327 2342 in
355 2305 422 2365 ipsa
456 2286 526 2345 loca
552 2284 700 2365 superius
729 2284 892 2344 nominata
919 2284 1037 2346 habere
1074 2284 1216 2361 videor,¹

103 2374 208 2425 totum
232 2374 266 2426 et
292 2366 333 2425 ad
359 2367 520 2449 integrum
542 2367 581 2428 ad
606 2367 753 2428 basilicas
771 2367 917 2446 superius
939 2365 1116 2428 nominatas
1135 2389 1212 2449 pro·-

102 2447 191 2508 ficiat
212 2447 246 2506 in
270 2459 486 2530 augmentum.
528 2450 603 2509 lllas
626 2470 704 2509 vero
730 2448 891 2510 cessiones
914 2471 993 2530 quas
1015 2450 1054 2510 nd
1081 2450 1212 2511 libertos

104 2539 232 2590 nostros
258 2530 331 2592 illos
358 2531 396 2590 ad
422 2553 534 2592 eorum
563 2531 777 2613 ingenuitates
809 2533 1039 2593 confirmandas
1065 2533 1211 2609 fecimus,

103 2611 137 2671 id
168 2620 246 2684 sunt
273 2613 329 2674 ille
359 2622 391 2673 et
410 2613 487 2690 ille,
518 2615 647 2694 quando
668 2613 751 2695 ipsos
776 2635 834 2694 pro
861 2615 986 2676 animae
1010 2624 1135 2690 nostrae
1157 2636 1210 2676 re-

102 2695 248 2754 medium
274 2695 431 2776 ingenuos
455 2696 639 2770 dimisimus,
662 2691 698 2756 nt
721 2697 796 2756 dum
818 2698 977 2758 advivunt
996 2697 1058 2758 hoc
1080 2707 1211 2760 teneant

106 2786 137 2836 et
156 2785 228 2857 post
245 2797 355 2836 eorum
376 2778 548 2848 discessum
574 2801 646 2838 cnm
666 2777 752 2839 omni
783 2780 985 2860 superposito
1004 2781 1043 2840 ad
1057 2780 1214 2840 ¹iamdicta

105 2858 252 2918 Ecclesia
279 2859 386 2920 Sancti
415 2861 595 2937 iltius,·ubt
620 2861 666 2922 eis
688 2862 900 2942 patrocinium
929 2872 961 2920 et
989 2859 1221 2924 defensionem

108 2940 349 3015 constituimus,
380 2943 703 3028 revertereflfaciant.
747 2945 904 3004 Volumus
932 2943 1018 3002 cuim
1049 2953 1084 3003 ut
1118 2945 1211 3025 inge-

107 3043 187 3082 nuos
216 3045 297 3104 quos
324 3024 458 3085 fecimus
486 3034 541 3084 aut
566 3027 598 3083 iu
626 3037 717 3086 antea
743 3025 936 3096 fecerimus,
968 3026 1211 3106 quanticunque

106 3105 138 3162 in
167 3105 234 3184 ipsa
263 3106 332 3168 loca
353 3108 598 3188 manent..quod
628 3109 668 3168 ad
694 3117 801 3169 sancta
824 3107 969 3166 Ecclesia
999 3107 1053 3166 illa
1082 3108 1211 3188 delega-

37 3242 40 3250 ,
105 3187 231 3262 vimus,
261 3187 405 3268 inspecta
429 3212 539 3250 eorum
566 3190 712 3249 libertate
736 3209 832 3270 super
853 3188 935 3270 ipsas
961 3197 1060 3248 terras
1078 3211 1136 3269 per
1160 3189 1220 3248 in-'

105 3289 229 3348 genuus
245 3281 456 3348 commanent,
475 3282 506 3332 et
523 3272 620 3331 aliubi
634 3271 855 3332 commanendi
873 3271 995 3330 nullam
1010 3271 1147 3332 habeant
1160 3293 1213 3353 po·

104 3361 275 3424 testatem,
297 3352 353 3413 sed
374 3353 414 3414 ad
434 3355 504 3415 loca
526 3364 633 3414 sanctu
654 3355 791 3415 debeant
816 3375 954 3432 sperare,
977 3363 1009 3416 et
1035 3355 1143 3414 nullus
1170 3354 1210 3412 de

105 3433 183 3513 ipsis
208 3433 384 3496 lidemonio
405 3437 444 3496 ad
467 3446 591 3497 nostros
619 3437 754 3496 heredes
784 3438 968 3498 nullatenus
992 3436 1148 3506 reddant;
1180 3447 1214 3496 et

107 3516 146 3576 de
175 3514 238 3573 hoc
269 3517 356 3595 quod
387 3519 548 3599 aliquibus
575 3519 620 3579 eis
644 3540 702 3599 per
730 3519 852 3580 chartas
878 3517 1043 3595 dedimus,
1071 3519 1212 3581 nullate-

106 3619 168 3656 nus
194 3597 294 3656 aliubi
320 3600 460 3660 vendere
489 3623 550 3661 nec
573 3601 717 3662 alienare¹
742 3601 881 3661 habeant
900 3602 1073 3668 licentiam,
1115 3601 1212 3662 simi-

106 3680 182 3738 liter
203 3679 389 3743 donavimus
413 3683 629 3766 donatumque
651 3683 683 3742 in
709 3693 899 3764 perpetuum
922 3686 1152 3746 essevolumus
1170 3685 1211 3748 ad

105 3761 337 3822 blonasterium
353 3765 457 3842 illum,
475 3767 527 3826 ubi
541 3765 733 3827 venerabilis
754 3766 857 3828 Abbas
879 3767 934 3828 illo
957 3787 1101 3848 praeesse
1115 3767 1208 3828 vide-

105 3854 176 3916 tur,
201 3843 292 3906 villas
318 3845 388 3908 illas
414 3847 447 3906 in
478 3870 558 3930 pago
587 3848 645 3907 illo
675 3870 746 3908 cum
770 3849 917 3909 omnibus
947 3848 1133 3909 adiacentiis
1155 3850 1209 3911 vel

105 3926 305 4003 appendiciis
327 3949 454 3996 earum,
488 3941 774 4012 quantumcunque
797 3931 916 3992 ibidem
935 3941 1045 3992 tenere
1070 3933 1119 3991 vel
1142 3953 1212 4013 pos-

105 4008 211 4067 sidere
235 4009 402 4088 videmur,
431 4034 490 4092 per
513 4013 658 4095 qualibet
679 4014 819 4089 adtracto
844 4015 884 4074 ad
904 4035 961 4072 nos
987 4013 1133 4093 pervenit
1159 4021 1214 4074 aut

105 4089 230 4170 legibus
247 4093 359 4153 venire
385 4094 492 4170 debet,
521 4105 622 4155 totum
643 4105 677 4156 'et
701 4096 741 4155 nd
770 4095 930 4177 integrum
949 4115 1022 4155 cum
1045 4095 1131 4154 omni
1155 4117 1212 4158 su-

105 4172 308 4252 perpositos
342 4175 393 4236 die
419 4188 585 4258 praesente
611 4179 643 4238 in
672 4177 794 4238 honore
819 4178 927 4238 Sancti
959 4177 1047 4238 illius
1068 4177 1213 4240 velab-

106 4255 172 4315 bati
194 4255 243 4316 illi
269 4249 421 4320 tradimus
443 4261 483 4322 ad
507 4260 745 4345 possidendum,
776 4281 850 4322 cum
871 4259 1026 4338 domibus,
1045 4260 1217 4342 aedificiis,
