2684 4990
208 253 283 332 774
341 303 345 313 ·
542 259 591 322 nr
607 267 1017 359 exerorasonnrousna
1045 271 1049 282 ·

207 415 319 482 singulis
337 409 451 469 dominis
468 408 640 478 persolvant,
660 408 791 463 videlicet
808 417 942 480 qnantum
961 408 996 460 ab
1013 409 1083 480 ipsis,
1091 410 1110 461 si
1124 411 1182 464 irent
1194 429 1252 486 accep

208 487 263 539 ruri
283 495 376 542 erant,
403 486 511 533 tantum
528 495 557 530 sc
576 479 685 530 daturos
705 489 887 545 cognoscant,
914 481 960 532 vel
984 480 1013 530 in
1038 481 1145 551 praelato
1163 483 1223 547 loco,
1238 499 1253 539 u

209 557 390 612 dictumest,
419 550 527 600 feodum
556 549 703 612 amittant,
731 549 783 601 nisi
803 549 888 620 aliqui
916 566 933 601 a
950 549 1029 602 nobis
1053 551 1094 604 vel
1112 570 1125 601 a
1144 569 1207 618 regno
1226 558 1254 606 siu

208 619 411 684 inbeneficiari;
440 619 468 670 lsi
487 619 508 668 si
526 618 669 672 nobiscum
695 621 815 680 vadant,
840 620 968 672 nolumus
993 630 1024 672 ut
1048 621 1145 671 feodum
1165 624 1254 686 amittant,

209 695 257 746 aed
276 694 430 763 stipendia,
450 687 500 740 nisi
519 695 661 740 voluntate
677 689 862 748 dominorum.
882 708 937 742 non
955 691 1164 760 praetermittant.
1193 693 1255 744 Simili-

208 775 250 817 tcr
268 765 302 816 de
320 761 494 815 ecclesias-nm
511 757 573 812 liliis
588 760 634 819 rel
651 759 815 822 domesticis,
833 760 862 820 id
879 770 922 811 est
938 759 1154 828 ministerialibus,
1172 765 1205 814 vel
1218 783 1257 831 quo·

209 851 379 904 rumcunque
406 827 557 895 Principum
576 823 722 890 clientela,
749 830 798 898 qui
824 829 950 898 quotidie
980 831 1015 880 ad
1039 830 1184 882 serviendum
1202 835 1257 900 parati

211 921 268 955 csse
287 905 402 963 delient,
432 899 592 959 statuimus,
619 908 648 948 ut
674 899 835 968 quicunque
854 898 980 968 quinque
1004 917 1103 950 mansos
1124 901 1149 950 in
1169 899 1258 953 beneficio

208 969 382 1042 possideant,
403 967 513 1025 desistat
530 985 590 1031 sno,
610 967 644 1020 ad
660 983 744 1038 qoem
762 970 917 1037 pertinent,
949 968 1072 1020 bruniam
1095 984 1149 1022 cnm
1164 989 1206 1035 unp
1224 991 1259 1022 sru-

209 1043 280 1096 tario
300 1043 409 1094 ducant.
446 1035 480 1089 Et
497 1037 550 1090 hoc
569 1036 597 1086 in
616 1035 726 1090 arbitrio
745 1035 915 1090 dominorum
934 1039 1068 1108 pendeat,
1086 1056 1143 1107 quos
1159 1039 1259 1100 dodanta

209 1112 309 1181 quibus
328 1107 464 1177 stipendia
481 1107 638 1180 accipiant,
664 1105 764 1176 quibus
784 1109 867 1176 etiarn
884 1107 1040 1178 halspcrgas
1059 1109 1194 1162 concedant.
1221 1111 1259 1178 ipis

210 1182 292 1234 etiarn
310 1181 345 1232 nd
361 1178 465 1232 itineris
489 1177 723 1247 praeparationem
748 1194 795 1228 sex
812 1177 900 1232 librae
926 1181 997 1230 snae'
1017 1187 1131 1230 monetae
1152 1181 1176 1230 in
1197 1179 1260 1246 stipor·

210 1251 286 1302 dium
305 1251 475 1308 tribuantur,
505 1249 604 1313 atduo
624 1248 708 1316 equi,
727 1265 797 1298 unus
816 1265 945 1318 currens,
973 1247 1042 1301 alter
1057 1249 1181 1313 ambulans
1196 1249 1260 1298 addar·

209 1330 271 1382 tur,
292 1337 324 1372 ac
343 1318 450 1372 duobus
468 1312 549 1368 sociis
567 1317 715 1370 saumarius
734 1317 901 1370 victualibus
920 1305 993 1370 benc
1020 1329 1135 1370 oneratus
1157 1319 1260 1370 canusina·

208 1397 265 1450 tur,
285 1390 333 1459 qui
352 1389 386 1440 ab
404 1388 467 1456 ipsis
486 1386 521 1436 ad
538 1403 605 1456 opus
624 1387 800 1440 Dominarum
820 1387 968 1453 diligenter
983 1387 1146 1442 custodiatur.
1168 1387 1260 1456 ipsiquo·

209 1477 264 1528 que
282 1462 312 1510 in
329 1457 506 1510 Dominarum
524 1455 629 1507 tamdiu
646 1455 740 1510 vivant
765 1458 979 1528 procuratione,
1007 1458 1129 1528 quamdiu
1149 1456 1172 1508 in
1191 1457 1259 1525 incepta

208 1529 311 1584 radant
330 1526 523 1598 expeditione,
549 1534 577 1577 et
596 1525 732 1595 quidquid
754 1543 770 1576 a
788 1525 939 1580 rebellibus
963 1530 1036 1596 regni
1059 1525 1182 1597 pugnando
1202 1529 1259 1594 arrpui-

209 1599 313 1658 sierint‚
333 1608 422 1667 partes
441 1597 508 1647 duas
527 1595 562 1646 ad
580 1595 702 1647 dominos
722 1597 855 1658 delerant,
875 1599 985 1650 tertiam
1004 1597 1054 1648 sibi
1070 1615 1112 1666 pro
1129 1596 1259 1647 consolatione

210 1669 353 1721 retineant.
390 1668 465 1736 Quos
485 1673 576 1716 autem
595 1683 650 1717 non
669 1675 785 1734 pascunt
804 1667 934 1731 Domini,
966 1668 1000 1719 ad
1018 1668 1210 1736 ipsusreporteot
1227 1675 1258 1715 tn·

202 1739 274 1790 ‘t'ram
290 1747 395 1808 partem
413 1737 455 1790 sui
471 1734 607 1803 acquisiti.
644 1735 748 1800 Singuli
766 1754 829 1790 vero
847 1737 987 1806 Principes
1007 1755 1067 1790 suos
1082 1734 1258 1788 habeantollicio·

201 1809 300 1870 ararim
314 1807 462 1876 speciales,
482 1805 679 1867 Maracalcum,
701 1805 878 1874 Dapilerum,
903 1809 1063 1863 Pincernam
1077 1816 1107 1864 ‚ct
1124 1805 1257 1858 Kamerrrim.

206 1878 264 1947 Qui
283 1888 402 1947 quatuor
419 1883 522 1944 quanto
541 1875 602 1943 plus
620 1883 684 1926 sunt
701 1875 865 1938 laboraturi,
890 1886 971 1930 tanto
990 1879 1050 1947 plus
1067 1875 1255 1946 lanipendium

206 1948 327 2012 vestito,
357 1949 385 1998 in
404 1947 530 2014 equiturn
548 1961 612 2013 prae
631 1945 743 1996 cacteris
761 1956 825 1998 sunt
842 1946 1012 2010 honorandi,
1037 1947 1135 1998 scilicet
1156 1943 1254 2006 unissime

201 2018 322 2070 ⁴istorum
340 2017 435 2068 decem
454 2016 541 2066 librae
560 2032 622 2066 curn
650 2015 736 2066 tribus
753 2015 918 2078 tribuantur,
940 2027 1053 2088 quartus
1071 2013 1254 2068 lllarscalcoalda·

202 2098 270 2149 1tato,
290 2103 407 2158 qrrornm
427 2103 510 2137 unnrn
529 2084 564 2136 ad
581 2084 828 2152 praecurrendum,
855 2088 974 2140 alterum
994 2089 1028 2140 ad
1045 2083 1204 2158 pugnandum,
1223 2090 1254 2130 ter-

208 2157 277 2209 tium
296 2158 331 2208 ad
349 2155 538 2225 spatiandum,
566 2163 692 2224 quartum
711 2155 746 2206 ad
764 2156 874 2210 loricam
893 2159 1065 2226 portandum.
1097 2156 1142 2206 tui
1158 2151 1254 2204 scrutalus

199 2238 347 2278 remanere
364 2226 524 2294 cupientes,
544 2224 566 2274 si
585 2224 658 2293 apud
676 2225 802 2275 Dominus
820 2227 965 2294 impetrare
983 2229 1099 2287 valeant,
1116 2231 1172 2292 quot
1189 2237 1253 2271 ulula·

208 2297 374 2366 possideant,
394 2305 436 2346 tot
456 2295 537 2344 libras
555 2311 603 2345 sue
620 2301 744 2345 monetae
763 2296 806 2346 vel
823 2305 912 2349 toturn
930 2299 1050 2350 fructum
1067 2296 1132 2346 leodi
1147 2293 1171 2344 io
1183 2291 1216 2342 illo
1229 2307 1256 2339 au·

208 2384 244 2419 no
262 2385 310 2434 pro
329 2364 465 2432 stipendio
485 2365 645 2430 persolvant.
683 2365 719 2430 Ut
737 2373 827 2419 antem
846 2375 969 2419 nostrum
987 2367 1123 2436 imperium
1138 2362 1166 2412 ab
1179 2357 1255 2412 omnibus

208 2433 311 2486 lrabeat
333 2435 570 2501 complementum,
596 2433 649 2484 lroc
668 2433 857 2487 constituimus
877 2445 905 2488 et
929 2429 1043 2490 firmiter
1066 2433 1221 2506 praecipimus,
1238 2434 1256 2476 ll

198 2503 307 2570 singuli
328 2503 435 2566 buringi
456 2503 549 2554 decern
570 2519 631 2552 curn
650 2501 796 2555 duodecim
815 2504 925 2558 funibus
943 2508 980 2559 de
998 2523 1097 2574 canapo
1115 2496 1256 2554 solidosllmi-

197 2569 251 2626 ‘nia
271 2573 325 2624 suis
352 2572 531 2640 impendant,
558 2579 586 2622 et
611 2571 721 2640 insuper
745 2577 907 2628 soumarium
933 2594 997 2630 cum
1018 2577 1125 2645 capistro
1142 2568 1256 2623 concedant:

196 2641 292 2718 ''qnem
311 2644 333 2694 si
351 2642 460 2694 Domini
472 2639 620 2702 voluerint,
639 2641 689 2710 ipsi
708 2643 743 2693 ad
760 2644 872 2712 primam
895 2648 1022 2700 navalem
1042 2647 1131 2716 aquarn
1147 2651 1256 2704 usqucptt·

209 2711 321 2764 ducant.
358 2711 556 2764 Mansionarius
574 2711 698 2782 quinque
716 2714 826 2776 solidos,
845 2715 972 2768 nasarius
990 2717 1096 2783 triginta
1113 2709 1213 2765 denarios
1225 2707 1254 2754 ¹3¹¹·

198 2779 325 2841 ,naiarius
350 2781 526 2850 quindecim,
546 2781 730 2851 quorumlibet
746 2783 843 2835 larium
862 2803 1026 2854 possessores
1044 2803 1089 2838 sex
1106 2781 1220 2852 suppleant.
1235 2771 1254 2819 Et

209 2859 241 2904 nt
258 2849 328 2903 haec
345 2853 429 2903 nostri
449 2851 552 2904 decreti
570 2852 715 2903 auctoritas
734 2853 919 2907 inviolabilem
936 2857 965 2909 in
985 2857 1036 2909 Dei
1054 2854 1150 2908 nomine
1165 2845 1213 2914 apud
1220 2859 1253 2917 ouj

206 2939 255 2974 nes
273 2938 438 2974 successores
465 2931 568 2974 nostros
596 2920 719 2972 obtineat
744 2925 936 2988 emunitatem,
956 2927 1061 2980 cunctis
1080 2917 1211 2988 Principibus
1223 2926 1252 2976 qut

199 2992 324 3058 ,aderant
342 2991 571 3058 astipulantibus,
590 3007 671 3042 manu
689 2993 796 3062 propria
813 2995 907 3047 subter
925 3013 984 3048 eam
1002 2997 1122 3049 roborare
1143 2982 1250 3060 decrevimus

208 3060 350 3137 ctannuli
367 3063 451 3114 nostri
469 3063 543 3127 signu
562 3061 687 3128 assignari
704 3063 835 3118 iussimus.
881 3065 992 3131 Signum
1018 3065 1107 3118 Ilaroli
1124 3053 1252 3114 Gloriosisum

207 3193 294 3266 Regls.
330 3201 480 3255 Hernustus
498 3202 582 3254 Nota·
599 3199 625 3250 Κ
641 3217 661 3320 Io
680 3202 697 3254 S
714 3203 769 3254 rius
788 3203 822 3255 ad
840 3204 927 3257 ricem
946 3204 1080 3260 Lutsrardi
1095 3191 1251 3255 Cancellariin-

207 3339 330 3402 cognovi.
367 3340 438 3391 Data
456 3339 535 3396 vttt.
553 3340 618 3392 ldus
636 3339 707 3392 lunii
726 3341 805 3393 Anno
822 3340 856 3394 ab
882 3343 1071 3398 incarnatione
1093 3337 1183 3394 Domini
1200 3335 1247 3382 nostr

196 3406 271 3458 aloru
290 3409 390 3461 Christi
408 3410 536 3462 Dccxc.
575 3409 655 3473 ltegni
681 3421 772 3462 autern
791 3413 877 3466 nostri
893 3430 964 3468 anno
992 3408 1181 3470 consecrationis
1198 3396 1245 3453 difl-

205 3476 305 3532 Autum
324 3481 488 3534 Wormatiae
507 3479 630 3536 feliciter.
667 3482 760 3534 Amen.

199 4256 364 4298 scriturarum
388 4269 508 4308 ,naumis
539 4279 542 4286 ⁴
