2734 4990
178 286 250 364 482
633 299 821 356 1011111110

175 450 243 510 vita
262 441 410 519 ostendit,
432 448 468 501 nt
490 438 522 499 in
543 450 698 522 qnantum
717 439 854 501 hnmana
873 439 1025 522 fragilitas
1047 441 1128 502 scire
1150 448 1297 522 postest,

179 525 457 592 administratione
486 544 648 584 sacrorum
677 521 928 584 ministeriorum
956 543 1022 581 non
1055 523 1096 584 sit
1118 521 1297 604 indignus.

177 614 242 674 Nos
265 612 385 692 itaque,
414 614 451 664 nt
472 603 619 665 homines
642 603 745 667 divini
766 624 877 666 sensus
902 603 1015 680 inscii,
1038 614 1071 665 01
1089 625 1299 665 arcanorum

177 694 293 778 ignari,
308 687 496 773 praebemus
517 686 556 746 de
577 688 674 747 fratre
692 687 787 768 quale
809 685 924 746 scimus
945 687 1173 748 testimonium.
1194 689 1298 747 Dens

179 788 226 838 est
248 773 334 837 enim
354 791 450 850 quem
479 769 604 828 occulta
627 789 691 827 nou
714 769 844 844 fallunt,
866 780 897 827 et
922 769 978 849 qui
1007 769 1153 828 omnium
1179 789 1299 828 secre-

178 868 210 919 ta
231 859 376 929 rimatur,
398 851 486 910 iuxta
508 849 607 910 illud:
635 849 741 911 Homo
761 849 851 910 videt
874 852 907 909 in
928 850 1052 930 facie‚‚
1069 851 1157 910 Deus
1179 863 1298 908 autem

177 944 211 1002 in
232 935 337 1001 corde.
379 935 441 992 Has
466 953 541 1012 ergo
562 932 719 992 litterulas
750 932 823 991 ideo
845 931 894 990 illi
924 941 1034 1012 petere
1058 940 1091 992 ct
1110 932 1206 992 nobis
1242 933 1299 990 fa-

178 1043 252 1084 cere
277 1017 371 1078 libuit
392 1025 427 1074 ut
447 1014 503 1074 ille
526 1035 591 1074 non
616 1016 718 1073 solum
744 1034 803 1095 pro
824 1014 961 1095 profugo
984 1022 1039 1073 aut
1066 1013 1195 1074 abiecto
1219 1034 1296 1072 non

177 1103 360 1176 habeatur,
400 1116 513 1156 verum
543 1095 638 1156 etiam
670 1103 793 1155 nostroe
827 1095 1031 1156 humanitatis
1072 1106 1104 1156 et
1138 1095 1298 1156 caritatis

177 1180 453 1248 commendatione
475 1179 614 1238 (11001111
634 1178 832 1238 fraternitate
851 1176 1057 1238 libentissime
1077 1177 1298 1259 suscipiatur.

177 1266 320 1328 AMHN.
363 1260 509 1324 XCVlll.
552 1258 905 1340 Salusaeterna,quae
928 1258 1073 1320 Christus
1101 1270 1169 1335 est,
1193 1259 1294 1320 etin

176 1349 239 1410 hoc
260 1341 420 1429 praesenti
449 1351 591 1422 tempore
620 1339 710 1400 vobis
738 1341 925 1421 longaevam
947 1341 1081 1401 salntem
1106 1351 1139 1401 01
1166 1341 1202 1399 in
1233 1341 1293 1400 fn-

175 1439 249 1491 turo
271 1448 343 1488 cum
365 1424 489 1485 Sanctis
521 1432 554 1484 et
581 1422 702 1483 Electis
733 1423 957 1505 sempiternam
982 1422 1091 1506 largiri
1115 1423 1293 1504 dignetur.

176 1513 290 1575 Amen.
331 1505 504 1569 DCXClV.

636 1637 716 1695 Item
748 1633 819 1696 alia.

255 1759 322 1825 XL,
364 1757 402 1814 111
424 1751 554 1814 nomine
577 1749 680 1811 Patris
701 1751 733 1808 Π
755 1759 787 1810 01
808 1748 884 1810 Filii
905 1753 930 1810 Τ
953 1758 984 1809 01
1007 1749 1144 1831 Spiritus
1170 1750 1291 1810 Sancti

173 1849 214 1910 A.
254 1843 317 1904 llle
341 1838 517 1919 Episcopus
539 1830 778 1896 venerabilibus
799 1831 1002 1892 Praesnlibus
1020 1832 1084 1893 illis
1107 1833 1292 1892 carissimis

173 1924 266 1988 nobis
295 1921 437 2005 patribus
464 1926 494 1978 et
530 1912 743 1976 confratribus
775 1933 885 1995 pacem
920 1935 1047 1974 omnem
1076 1922 1109 1974 et
1138 1915 1291 1974 salutem

172 2007 409 2088 sempiternam.
450 1998 625 2059 Audientes
647 2005 847 2076 praesentem
872 1994 1037 2055 Ecclesiae
1061 2005 1191 2055 nostrae
1220 1996 1290 2054 lili-

172 2113 227 2149 um
249 2089 363 2160 illum,
385 2082 418 2141 in
441 2080 551 2143 eadem
578 2097 707 2158 quoque
734 2087 853 2152 natum,
876 2078 1051 2151 nutritum,
1084 2087 1184 2157 atque
1210 2099 1290 2137 ern-

173 2174 286 2245 ditum,
308 2176 340 2226 et
375 2161 531 2242 usquein
560 2157 755 2240 Presbyterii
784 2158 971 2238 dignitatem
1002 2157 1020 2216 a
1051 2168 1163 2218 nostro
1189 2181 1292 2240 prae-

172 2270 295 2314 cessore
317 2255 523 2328 provectum,
546 2241 637 2303 vobis
657 2249 843 2320 vestraeque
871 2239 1035 2301 Ecclesiae
1058 2244 1292 2300 necessarium

171 2355 237 2396 esse
260 2339 291 2390 01
313 2328 436 2402 11111οη1,
459 2332 568 2383 1111111111
592 2321 720 2382 caritate
745 2332 776 2381 et
800 2324 942 2382 fraterna
971 2323 1194 2402 compassione
1216 2323 1291 2382 des·

169 2417 310 2475 tiramus
331 2431 404 2470 eum
428 2416 549 2468 restrae
579 2403 777 2483 paternitati,
808 2413 844 2462 nt
869 2405 899 2461 in
924 2403 1093 2480 omnibus,
1125 2403 1222 2463 sicut
1248 2426 1290 2464 ex

169 2496 283 2560 vestris
307 2512 383 2567 uno,
406 2489 464 2547 illo
488 2505 618 2568 quoqne
648 2483 782 2542 utamini
804 2484 837 2542 111
860 2484 1002 2559 Christo,
1025 2484 1087 2544 1100
1112 2485 1292 2562 scientes,

170 2579 246 2663 quia
272 2573 395 2635 nullius
416 2570 517 2629 malae
537 2569 638 2627 famae
660 2566 745 2648 apud
767 2585 823 2626 nos
851 2587 952 2646 usque
982 2588 1070 2626 nunc
1095 2567 1182 2643 fuit,
1220 2568 1290 2626 vita

168 2662 344 2732 honestus,
375 2652 515 2712 moribus
536 2647 681 2730 simplex.
732 2646 872 2706 Scientia
893 2647 1023 2728 quidem
1052 2669 1116 2707 non
1142 2649 1292 2709 extolli-

170 2754 224 2804 tur
255 2743 273 2802 11
297 2737 405 2798 nohis:
437 2733 512 2816 quia
533 2751 594 2791 uec
616 2736 720 2810 potest
745 2729 933 2805 Homerica,
956 2730 1036 2805 sed,
1060 2739 1096 2789 ut
1118 2730 1167 2791 ita
1191 2732 1291 2790 dica-

170 2847 258 2901 mus,
281 2830 321 2888 111,
347 2820 378 2879 111
406 2815 553 2900 pluribus
579 2833 644 2871 non
675 2808 823 2871 civilibus
850 2811 905 2870 sed
928 2811 1147 2872 exterioribus
1180 2814 1292 2894 vulgo
1362 2831 1363 2838 ¹

169 2906 313 2990 egonica.
353 2903 394 2962 Et
412 2901 488 2980 quia
513 2917 578 2957 non
604 2891 716 2968 divisa,
740 2891 796 2950 sed
818 2891 912 2951 unica
935 2902 983 2952 est
1000 2895 1151 2954 Ecclesia
1171 2895 1293 2956 Chris·

167 2991 207 3067 ti,
238 3009 302 3048 non
337 2980 563 3058 multiformis,
591 2976 646 3036 sed
675 2994 827 3047 concors,
859 2973 944 3032 inter
972 2995 1030 3034 nos
1053 2976 1153 3035 ctiam
1177 2997 1293 3055 quae-

169 3073 242 3133 dam
274 3065 470 3128 familiaritas
495 3080 571 3143 prae
599 3056 670 3116 aliis
698 3054 964 3114 familiaritatibus
991 3057 1153 3134 animata,
1185 3059 1292 3118 decet

167 3152 300 3214 omuino
322 3158 357 3207 ut
382 3156 415 3206 01
437 3165 492 3204 100
519 3139 653 3201 utamini
678 3137 791 3197 nostris
820 3146 856 3196 ut
873 3135 998 3212 vestris,
1022 3148 1053 3198 01
1077 3159 1136 3198 nos
1163 3140 1292 3200 vestris

167 3245 204 3295 ut
232 3232 357 3293 nostris.
410 3229 495 3289 Haec
522 3222 630 3283 omnia
659 3219 799 3278 invicem
830 3239 958 3299 agamus
981 3219 1013 3278 in
1040 3219 1175 3280 Christo
1209 3223 1291 3282 lesu

165 3315 306 3377 Domino
329 3319 447 3371 nostro.
488 3306 530 3365 Et
551 3313 586 3364 ut
615 3300 675 3359 bae
706 3309 831 3360 nostrae
860 3299 1047 3360 humilitatis
1076 3300 1216 3362 litterae
1247 3305 1290 3364 de

164 3397 308 3480 praefato
331 3395 428 3452 fratre
451 3397 572 3449 vestrae
594 3382 716 3442 caritati
741 3383 851 3441 missae
874 3403 939 3441 11011
966 3383 1076 3457 fictae,
1098 3383 1158 3443 sed
1183 3383 1290 3462 fixae,

165 3500 233 3538 nou
254 3483 416 3545 ventosae,
439 3469 495 3530 sed
517 3467 625 3526 firmae
647 3464 822 3544 comperire
850 3464 999 3541 valeant,
1030 3466 1177 3525 Graecos
1213 3466 1290 3547 api-

166 3581 238 3635 ces,
269 3577 349 3635 quos
380 3548 622 3612 Ecclesiasticus
648 3566 714 3603 mos
740 3545 773 3602 in
799 3544 982 3604 huiusmodi
1012 3545 1110 3606 rebus
1141 3549 1290 3628 agendis

166 3640 319 3712 decrevit,
341 3630 519 3704 constituit,
542 3638 575 3688 et
606 3624 763 3701 obtinuit,
785 3626 894 3702 subter
915 3626 1034 3687 addere
1057 3649 1133 3686 cum
1164 3651 1290 3690 nume.

164 3724 211 3784 ris
239 3720 280 3780 ad
314 3739 346 3779 se
369 3708 605 3796 pertinentibus
628 3706 752 3767 curiose
780 3706 997 3784 decrevimus,
1020 3708 1083 3768 hoc
1107 3717 1185 3787 est,
1212 3712 1289 3793 pri-

164 3826 234 3866 mos
256 3822 336 3880 qnos
358 3799 421 3856 iam
446 3792 592 3872 superius
614 3788 776 3868 posuimus
796 3789 897 3847 Patris
918 3791 967 3865 Π,
1000 3791 1077 3850 Filii
1100 3793 1137 3868 Τ,
1169 3793 1289 3874 Spiri-

163 3899 217 3948 tus
245 3881 354 3944 Sancti
377 3882 417 3952 A,
440 3875 497 3956 qui
523 3871 707 3951 exprimunt
728 3890 897 3928 numerum
927 3873 1177 3951 octogenarium
1203 3897 1289 3956 qua-

164 3961 454 4048 dringentesimum
484 3962 516 4014 et
550 3952 706 4034 primum,
740 3950 828 4010 Petri
858 3971 989 4031 quoqne
1038 3953 1289 4034 Apostolorum

162 4047 321 4134 principis
339 4041 474 4124 primam
495 4038 547 4110 Π,
570 4031 627 4113 qni
653 4031 747 4090 habet
769 4052 955 4107 nnmerum,
994 4042 1031 4092 nt
1059 4035 1124 4093 iam
1150 4036 1288 4098 dictum

163 4142 223 4208 est,
254 4121 505 4206 octogenarium.
539 4111 655 4175 'Nostri
680 4131 810 4191 quoque
832 4113 970 4174 nominis
990 4116 1152 4196 primam,
1177 4123 1288 4181 vestri

161 4210 356 4285 secundam,
378 4197 565 4286 accipientis
589 4193 726 4269 tertiam,
751 4203 876 4256 nostrae
897 4216 1029 4278 qnoque
1054 4198 1217 4280 civitatis,
1243 4204 1286 4266 de
